4234 5350
574 539 647 631 De
672 552 822 655 quarto
847 537 1050 654 Decalogi
1075 505 1297 659 precepto.
1420 560 1474 652 83

416 717 592 809 aliasa37.
606 711 649 787 ad
663 711 825 790 Uerum.
844 714 880 790 ἃ
896 713 1034 805 plebem
1047 709 1316 809 Hipponensent
1329 740 1339 793 :
1353 771 1401 808 „„
1420 714 1477 794 nd
1526 733 1532 760 ¹

421 819 514 918 quid
536 814 626 894 aliud
649 813 769 890 sedent
785 814 859 898 itii,
892 815 923 886 Se
947 813 1035 911 ‘quid
1051 813 1146 890 airud
1167 834 1335 906 captant.
1359 815 1421 892 nist
1434 830 1477 895 ut
1560 819 1563 825 '

422 918 575 1012 quisquis
602 913 817 1011 Episcopus,
844 914 899 988 vei
912 911 1092 998 Clericus.
1111 912 1166 989 vel
1183 914 1401 995 monachus,
1419 913 1477 992 vei

423 1016 702 1095 sanctimonialis
715 1016 901 1098 ceciderit,
914 1038 1039 1090 omnes
1051 1015 1135 1089 tates
1148 1019 1315 1101 credant,
1328 1015 1476 1110 jactent.

423 1118 673 1199 contendant,
698 1114 756 1189 sed
780 1139 855 1190 uon
889 1137 1015 1189 nnrnes
1043 1111 1142 1208 posse
1166 1114 1408 1193 manifestari!
1432 1112 1478 1195 Et

423 1236 543 1296 tamen
565 1221 671 1291 etiem
695 1214 756 1307 ipfi
773 1270 783 1298 ,
800 1237 884 1290 curn
906 1214 1019 1310 aliqua
1044 1216 1202 1293 maritata
1222 1216 1400 1294 iuvenitur
1415 1214 1480 1292 ad·

424 1321 558 1396 ultera,
582 1339 650 1393 nec
669 1318 861 1411 projiciunt
875 1335 1005 1390 uxores
1021 1313 1117 1391 suat,
1135 1336 1203 1391 nec
1225 1315 1390 1394 accusant
1404 1337 1481 1394 ma-

421 1434 492 1496 tres
520 1415 606 1493 suas.
638 1414 734 1492 Cum
749 1433 868 1491 autem
885 1416 930 1491 de
943 1414 1140 1510 aliquibus,
1158 1414 1389 1513 quirendum
1411 1436 1493 1492 no··

420 1542 508 1598 rnen
533 1513 769 1612 profitentur,
791 1513 923 1609 aliquid
947 1517 1194 1605 criministur!
1214 1512 1287 1591 tatu
1301 1515 1483 1599 sonuerit.

421 1618 480 1696 nel
504 1618 577 1691 veri
601 1619 776 1709 patuerit,
795 1613 946 1690 instant,
969 1612 1154 1709 satagunt.
1175 1620 1360 1699 ambiunt,
1383 1631 1422 1691 ut
1437 1612 1485 1691 de

421 1719 595 1796 omnibus
620 1716 693 1792 hoc
720 1716 894 1793 credatur.
919 1710 1001 1794 Hos
1021 1738 1111 1814 ergo
1131 1715 1177 1789 de
1202 1715 1328 1791 nostrie
1349 1712 1485 1791 dolori·

421 1820 492 1896 bus
513 1816 718 1892 suavitatem
752 1815 819 1892 suae
847 1814 947 1890 ntaiae
977 1811 1106 1911 tingue
1142 1828 1323 1909 captantes
1347 1868 1359 1899 .
1385 1811 1485 1891 facile

422 1919 476 1995 est
501 1971 513 2002 ,
539 1929 580 1991 ut
601 1915 665 1990 illie
698 1918 843 1992 canibus
862 1937 1134 2013 comparemus,
1158 1912 1183 1989 u
1209 1912 1304 1992 forte
1324 1916 1360 1989 iu
1388 1911 1485 1990 malo
1708 2002 1712 2010 ¹

422 2015 649 2113 intelligendi
676 2013 776 2099 sunt,
798 2018 861 2112 qui
884 2013 1068 2109 lingebant
1092 2012 1237 2091 vulnera
1265 2016 1427 2113 pauperia
1443 1985 1584 2090 5anoe
1600 1989 1646 2054 ¹⁴·

422 2119 516 2204 lius,
542 2121 706 2211 quiante
738 2116 881 2210 januam
904 2115 1019 2193 divitis
1050 2115 1210 2208 jacebat,
1235 2115 1272 2191 &
1299 2113 1487 2215 quousque

426 2220 566 2295 veniret
591 2213 635 2290 ad
656 2218 813 2311 requiem
835 2214 928 2291 unas
951 2213 1099 2293 Abrahae
1120 2213 1312 2303 laboriosa,
1334 2215 1371 2291 ἃ
1395 2212 1487 2293 iudi·

427 2340 503 2418 gna
524 2318 642 2390 omnia
665 2316 839 2393 tolerabat
860 2372 883 2408 ,‚
896 2369 930 2407 „0
1641 2396 1650 2416 ,
1674 2394 1683 2411 .

481 2413 655 2503 imitanda
677 2416 798 2510 potius
811 2413 1014 2495 constantini
1031 2414 1152 2511 magni
1172 2410 1397 2508 Imperatoria
1413 2415 1484 2508 pie-
1499 2398 1693 2492 ΜΨ*

428 2531 502 2602 tn,
523 2518 582 2592 cui
609 2536 694 2592 cunr
722 2519 756 2590 in
780 2514 936 2592 Nicaenae
962 2512 1104 2614 Synodi
1132 2516 1285 2591 exordio
1308 2516 1425 2590 Ariani
1447 2514 1481 2589 ti·
1499 2489 1687 2622 ξ’,ζξῗξοῇῗ

429 2617 544 2695 helios
581 2614 743 2693 adversus
775 2616 973 2695 catholicoe
1000 2612 1196 2710 Episcopus
1227 2611 1482 2709 potrexdsent.
1497 2628 1673 2701 maenaa
1733 2633 1735 2640 ’

427 2719 578 2795 cuniios
610 2715 747 2796 libellos
774 2719 940 2793 comburi
966 2712 1084 2810 jussit,
1104 2715 1248 2792 dicent:
1286 2771 1345 2808 „‚‚
1384 2713 1485 2795 Deus
1631 2790 1641 2799 „

428 2841 498 2895 voe
519 2815 704 2894 constituit
717 2817 996 2902 Sacerdotea,&
1011 2814 1223 2912 potestatem
1243 2813 1341 2893 dedit
1360 2815 1406 2892 de
1419 2838 1485 2893 no·

427 2919 484 2995 bis
504 2939 652 3010 quoque
679 2918 878 3008 iudicandi3
900 2919 936 2992 dt
958 2916 1041 2991 ideo
1062 2937 1170 2993 noea
1196 2919 1298 2993 vobis
1320 2916 1412 2994 redte
1429 2918 1486 3008 ju·

428 3019 612 3105 dicamut3
638 3038 703 3090 von
731 3034 941 3095 autemnon
971 3015 1116 3106 potestis
1136 3017 1180 3091 ab
1201 3014 1409 3093 hominibus
1430 3023 1487 3112 ju·

430 3118 564 3209 dicari3
583 3120 848 3215 propterquod
871 3115 940 3195 Dei
965 3116 1068 3192 i'olius
1087 3121 1178 3192 inter
1205 3140 1271 3193 vus
1291 3115 1487 3213 exspectare

431 3217 635 3312 judicium,
667 3219 702 3291 de
732 3218 842 3293 vestra
866 3219 982 3314 iurgia
1009 3238 1235 3313 quacunque
1258 3217 1364 3300 sunt,
1386 3219 1430 3291 ad
1447 3217 1489 3292 il·

433 3317 496 3392 iud
519 3318 680 3391 divinum
714 3317 932 3392 reserventur
956 3338 1117 3391 examen.
1162 3314 1238 3392 Vos
1262 3319 1393 3392 etenim
1422 3339 1490 3393 no·

430 3418 485 3494 bit
505 3439 526 3490 a
543 3411 629 3490 Deo
652 3415 724 3490 dati
746 3416 824 3491 estis
846 3414 936 3503 Dii3
958 3418 994 3490 &
1023 3419 1242 3492 convenient
1262 3440 1338 3493 non
1359 3418 1429 3504 est,
1449 3430 1491 3493 ut

431 3516 550 3595 horno
572 3516 707 3608 judicet
722 3514 843 3604 Deos;
862 3518 916 3592 ied
938 3515 993 3590 ilie
1014 3515 1133 3604 tolus,
1157 3516 1202 3593 de
1226 3540 1302 3614 quo
1321 3515 1492 3614 scriptum

430 3618 509 3696 est:
532 3619 623 3688 Deus
642 3610 736 3692 stetit
765 3621 798 3685 in
816 3618 978 3709 synagoga
1007 3620 1179 3701 Deorum,
1198 3620 1233 3688 in
1256 3622 1361 3689 medin
1384 3634 1493 3689 autem
1509 3597 1640 3673 ΝΜ·
1654 3612 1681 3666 ‘0

432 3723 528 3790 Deos
550 3715 712 3805 dijudicat
730 3767 797 3810 „„.
826 3715 947 3794 Refert
968 3710 1107 3803 Rufinus
1127 3717 1186 3793 lib.
1203 3741 1234 3791 r.
1257 3716 1423 3798 Historia
1436 3741 1497 3796 ec-

432 3815 648 3894 clefiasticae.
667 3824 740 3911 Cup.
758 3840 789 3889 1.
815 3819 922 3893 addit
948 3817 1169 3889 Theodoreus
1193 3819 1250 3894 lib.
1269 3835 1300 3890 1.
1330 3818 1496 3900 Histotiae

433 3915 703 4002 ecclesiastice,
729 3941 805 4012 cap.
828 3937 883 3993 11.
916 3914 1158 3993 condaminam
1191 3920 1420 4014 jurejurando
1445 3917 1496 3992 af-

432 4012 617 4102 utmaffe,
648 4019 680 4091 i'e
708 4042 751 4091 ne
770 4022 919 4094 verbum
946 4018 1093 4110 quidem
1125 3994 1327 4098 fibettorum
1351 4015 1494 4114 regine:

434 4173 494 4212 „„
525 4115 632 4193 Nefas
650 4121 743 4192 enirn
767 4116 856 4194 effe,
882 4121 1015 4210 ajebat,
1047 4134 1087 4194 ut
1111 4118 1346 4197 Sacerdotum
1373 4116 1498 4196 detitta

432 4221 481 4297 ad
502 4220 600 4309 vulgi
632 4220 798 4295 notitiam
824 4223 1071 4315 pervenirent,
1096 4242 1140 4294 ne
1164 4221 1321 4313 populus
1343 4217 1496 4294 offendi·

430 4317 503 4397 culi
529 4316 755 4397 occafionem
781 4320 864 4394 inde
892 4322 1087 4419 arripiens,
1116 4319 1278 4394 licentius
1304 4320 1347 4394 ad
1367 4317 1499 4414 {rugitu

431 4432 705 4518 prorumperet:
722 4416 808 4493 luat
830 4440 954 4512 quoque
975 4412 1121 4509 adjeciffe
1133 4421 1278 4496 dicitur:
1299 4419 1402 4502 Se,s1
1419 4418 1498 4507 Epi.

432 4522 588 4619 scopum
621 4518 833 4601 adulterium
862 4535 1130 4698 pcrpgttantem
1156 4518 1271 4601 oculis
1305 4520 1372 4605 suis
1404 4520 1501 4692 ntide-

530 4634 548 4667 s
1005 4639 1023 4713 3
1374 4644 1410 4693 ff
1438 4656 1470 4703 .-
