4234 5350
597 520 689 614 40⁶
786 463 1538 606 Theoi-Dog.&llloral'.lm.1l⁷.

595 673 746 760 dicunt.
767 671 804 746 da
824 691 909 746 meo
928 665 1065 787 judicio
1089 663 1168 756 satit
1191 665 1466 754 rationabiliter.
1485 671 1586 770 quod
1608 677 1644 756 in

595 775 700 852 oertia
719 767 852 852 calibur
872 789 949 844 noo
960 780 1102 846 tenetur
1118 769 1196 862 qula
1210 765 1254 842 ad
1268 765 1381 846 statim
1392 769 1645 856 restituendum

595 869 796 976 adipalirer.
822 863 957 946 etiamfi
980 863 1109 943 habeat
1126 865 1278 944 modum
1300 867 1455 964 aliquem
1482 873 1526 950 ad
1552 877 1646 955 resti·

595 967 838 1052 tuendum&
855 970 899 1044 ab
920 989 967 1044 eo
980 965 1062 1044 ‚cui
1079 979 1243 1050 teneam.
1257 969 1412 1046 invenire
1428 993 1502 1048 non
1518 973 1645 1070 polilt,

596 1092 666 1148 arec
688 1065 945 1161 militonem,
971 1086 1038 1142 nec
1058 1062 1289 1158 dilationem.
1314 1063 1371 1156 led
1394 1063 1542 1156 subita'm
1561 1077 1646 1157 velit

597 1165 660 1254 fibi
680 1167 753 1245 fieri
778 1167 1059 1259 restitutionem
1083 1163 1232 1260 quando
1252 1165 1414 1246 videlicet
1436 1171 1550 1250 statim
1561 1176 1645 1252 inde

597 1267 832 1366 sequeretur,
864 1268 920 1344 vel
951 1265 1137 1364 probabile
1161 1265 1334 1348 damnum
1362 1265 1561 1362 spirituale.
1589 1273 1646 1364 rel

596 1367 795 1466 temporale
813 1365 984 1444 damnum
1006 1363 1164 1442 notabile
1189 1361 1293 1460 ipfiua
1322 1367 1562 1460 restituentis,
1586 1373 1645 1456 vel

597 1469 775 1556 aliorum.
796 1465 898 1567 quod
917 1465 1203 1566 preponderaret
1224 1465 1358 1556 damrm
1381 1471 1480 1560 eiua,
1498 1477 1559 1572 qui
1582 1475 1646 1552 de,

598 1569 662 1648 bet
681 1567 811 1646 habere
846 1589 893 1643 ex
928 1567 1082 1644 carentia
1100 1563 1189 1646 illius
1211 1566 1273 1642 rei·
1298 1561 1417 1648 Poteli
1438 1588 1555 1654 autem
1577 1573 1647 1656 tale

598 1669 771 1746 murnum
792 1663 860 1744 else
881 1663 1032 1762 triplex,
1064 1663 1193 1742 scilicet
1215 1666 1412 1766 pericolum
1434 1675 1648 1758 mortir,in.

598 1769 702 1848 famia
722 1771 863 1862 gravia,
881 1763 938 1844 lau
955 1763 1157 1866 scandalum
1180 1765 1361 1854 notabile.
1380 1767 1435 1864 rel
1451 1772 1647 1860 damnum.

598 1867 638 1944 dr
652 1866 850 1966 pericolum
873 1863 1056 1961 probabile
1080 1863 1237 1942 mortalia
1257 1865 1381 1964 culpa.
1411 1865 1517 1948 Ratio
1541 1871 1647 1968 hujua
1719 1921 1724 1938 .

599 1965 672 2052 est.
692 1964 840 2044 scilicet,
856 1964 956 2062 quod
973 1963 1048 2042 talia
1071 1963 1242 2046 restitutio
1268 1963 1374 2068 poffir
1393 1967 1547 2068 differri,
1565 1977 1647 2071 quia

597 2066 755 2144 creditor
777 2067 888 2162 magia
910 2063 1017 2142 debet
1038 2061 1129 2144 velle
1149 2067 1185 2148 io
1207 2063 1410 2162 hujusmodi
1433 2069 1587 2160 calana,
1607 2086 1648 2150 ot

597 2167 798 2244 maximum
816 2163 1092 2256 incommodum
1106 2211 1114 2240 .
1127 2160 1185 2244 seu
1200 2165 1374 2246 damnum
1392 2169 1488 2266 ejus,
1511 2174 1572 2269 qui
1586 2172 1648 2250 lra-

596 2265 661 2344 bet
692 2267 896 2353 restituere,
919 2267 1071 2358 evitetur
1098 2265 1241 2348 modica
1263 2265 1492 2348 restitutionis
1510 2273 1649 2350 dilatio·

596 2389 668 2452 no,
691 2389 799 2466 quam
820 2363 920 2442 suum
944 2365 1222 2446 incommodum
1241 2363 1522 2458 modicumarel
1548 2371 1649 2452 dam·

597 2489 686 2544 num
707 2489 753 2542 ex
768 2468 919 2542 carentia
932 2465 976 2538 ad
992 2476 1133 2556 tempus
1154 2461 1222 2548 sua:
1235 2463 1297 2548 rei.
1310 2509 1340 2538 ..
1368 2457 1425 2544 Est
1446 2491 1536 2566 ergo
1556 2493 1649 2548 unua

598 2564 719 2652 casua,
741 2587 826 2642 cum
840 2565 1003 2646 imminet
1023 2583 1070 2637 err
1088 2559 1292 2646 huiusmodi
1305 2565 1525 2654 rellitutione
1537 2568 1649 2648 subita

598 2663 799 2767 periculum
824 2661 946 2741 damni
965 2659 1287 2763 incomparabiliter
1306 2663 1526 2766 praevalentis
1547 2668 1650 2747 dam.

599 2788 682 2851 no,
705 2762 806 2865 quod
834 2764 918 2849 inde
939 2760 1046 2844 habet
1067 2760 1221 2855 creditor
1243 2784 1290 2861 ex
1316 2766 1467 2859 parentia
1488 2768 1539 2846 rei
1558 2766 1651 2864 luae;

599 2879 689 2963 puta
702 2914 713 2949 ,
727 2888 812 2944 curn
833 2862 904 2960 ipse
918 2863 1075 2942 creditor
1095 2858 1262 2953 habendo
1279 2860 1372 2955 illam
1391 2888 1487 2951 rem.
1507 2864 1565 2945 seu
1588 2890 1654 2969 pe.

600 2965 765 3050 cuniam,
783 2986 893 3062 quarn
915 2965 995 3061 quia
1019 2960 1064 3038 de
1085 2960 1147 3039 luo
1166 2962 1316 3055 retinet,
1330 2968 1441 3062 magia
1463 2964 1578 3062 pollet
1597 2990 1653 3045 re·

600 3086 783 3163 pugnare,
797 3068 833 3139 dr
848 3062 1171 3158 pravalerrcontra
1183 3062 1536 3162 bonumcornmune·
1555 3064 1650 3143 Nam

598 3179 689 3243 tunc
709 3188 785 3239 oon
804 3179 944 3239 terretur
954 3161 1133 3241 restituere
1143 3158 1211 3239 illi.
1227 3160 1284 3237 sed
1303 3160 1449 3250 fideliter
1457 3166 1651 3254 reservare,

601 3280 645 3355 ut
667 3263 823 3341 restituat
839 3260 923 3338 fibi,
939 3262 995 3337 vel
1016 3260 1204 3357 heredibus
1221 3260 1305 3353 luis.
1321 3262 1468 3359 quando
1489 3264 1562 3344 hoc
1575 3264 1650 3340 fieri

600 3362 736 3463 poterit
761 3362 832 3437 line
851 3362 1057 3456 praejudicio
1080 3364 1166 3437 boni
1190 3366 1405 3443 communis·
1429 3360 1530 3457 Idem
1553 3363 1650 3443 vide·

599 3476 661 3542 tur
684 3462 900 3545 dicendum.
916 3482 1001 3539 cum
1016 3464 1093 3558 quia
1107 3458 1196 3569 male
1215 3476 1370 3543 uteretur
1391 3486 1430 3538 re
1450 3463 1529 3542 sua,
1544 3480 1651 3559 puta,

599 3560 722 3662 gladio
748 3560 791 3635 ad
810 3560 1049 3653 occidendum
1075 3556 1131 3645 sa,
1157 3560 1213 3640 vel
1241 3560 1358 3641 alium.
1386 3559 1487 3639 Idem
1509 3564 1650 3642 videtur

600 3660 813 3743 dicendum,
836 3683 919 3749 curn
943 3682 989 3737 ex
1013 3658 1122 3739 subita
1140 3657 1450 3749 restitutioneille‚
1469 3666 1531 3760 qui
1554 3664 1651 3743 resti·

477 3770 481 3779 '
600 3774 716 3839 torret
737 3784 812 3841 rem
836 3760 984 3839 ablatam
1018 3781 1081 3853 per
1108 3756 1272 3843 furtum,
1299 3756 1355 3833 vel
1376 3759 1471 3839 aliod
1494 3764 1652 3859 vitium.

602 3860 851 3957 detegeretur:
878 3863 913 3935 bi
934 3856 1157 3939 infamaretur
1171 3874 1182 3957 ;
1198 3878 1281 3933 cum
1304 3854 1396 3935 fama
1417 3858 1459 3939 lit
1479 3866 1567 3959 quid
1583 3884 1652 3941 no-

602 3962 730 4039 bilius.
758 3984 865 4058 quam
887 3957 1069 4034 lirbllantia
1097 3954 1311 4051 temporalis.
1339 3955 1433 4037 Cum
1455 3984 1545 4058 ergo
1571 3963 1652 4060 qul.

599 4060 687 4139 libet
708 4062 833 4135 debeat
860 4054 1050 4151 providere
1074 4036 1332 4140 cdnl'ervationi
1355 4057 1456 4147 lama·
1476 4061 1565 4153 suar,
1583 4084 1652 4157 po·

600 4162 667 4235 test
682 4156 755 4235 ralis
775 4152 915 4230 differre
932 4152 1190 4245 rallirurionepr
1209 4154 1376 4247 usquead
1395 4174 1555 4255 tempus.
1572 4185 1650 4260 quo

594 4282 670 4331 non
693 4254 974 4347 deprehendatur
994 4255 1030 4327 in
1055 4259 1281 4337 mimium&
1304 4256 1526 4345 diffametur.
1546 4258 1570 4335 fi
1589 4258 1649 4337 ali·

593 4368 648 4427 ter
674 4354 852 4435 provideri
875 4378 950 4429 non
972 4354 1098 4449 polest.
1130 4350 1230 4431 ldem
1255 4356 1472 4453 dicendum,
1498 4356 1648 4451 quando

590 4456 718 4559 mulier
740 4454 995 4537 habuitliliurn
1010 4477 1072 4553 per
1096 4452 1334 4547 adulterium.
1353 4458 1527 4539 nesciente
1540 4461 1642 4549 viro,

1530 4556 1588 4639 rel
