4234 5350
600 533 672 627 De
699 537 848 659 quinto
864 532 1069 653 Decalugi
1084 545 1309 664 pmeeptoi
1353 543 1357 551 ’
1407 565 1490 648 195

482 704 574 788 nec
598 701 799 784 Tertulliani
816 708 986 792 dolirinae
1006 709 1165 790 consona
1188 711 1267 792 sunt
1282 711 1343 793 sib.
1368 732 1402 786 2.
1431 716 1488 798 Dr

430 806 524 881 rulru
542 809 749 879 feminarum
762 832 861 905 ,cap
875 830 912 891 2·
933 860 957 897 ..
972 851 999 897 ‚s
1016 806 1362 906 Ponticosque)
1386 807 1423 890 id
1438 809 1489 896 est

432 906 627 1002 christianae
654 909 861 1005 pudicitie,
884 912 1142 1014 appetitionem
1173 910 1223 989 sui
1245 936 1321 988 non
1347 925 1489 992 tantum

433 1006 691 1105 appetendam.
706 1008 763 1085 sed
778 1014 883 1088 etiam
894 1010 1129 1092 execrandam
1149 1011 1387 1093 robisscintis.
1409 1007 1487 1088 Pri-¹

434 1131 499 1204 mo
521 1106 621 1205 quod
646 1132 723 1191 non
745 1108 790 1185 de
812 1112 950 1207 integra
981 1107 1194 1188 conscientia
1218 1112 1313 1189 venit
1331 1107 1488 1192 studium

437 1208 598 1304 placendi
613 1230 675 1302 per
696 1209 888 1286 decorem,
904 1233 1012 1307 quem
1040 1210 1240 1288 naturaliter
1260 1212 1489 1290 invitatorem

433 1307 586 1384 libidinis
615 1305 754 1392 scimus
792 1307 894 1407 Quid
920 1311 1028 1406 igitur
1066 1310 1199 1388 excitas
1222 1311 1258 1387 in
1290 1326 1327 1388 te
1354 1308 1491 1390 malum

434 1405 553 1484 istud?
573 1405 674 1515 Quid
696 1411 845 1494 invitas,
866 1411 968 1505 cujus
1001 1422 1038 1486 te
1061 1408 1237 1505 profiteris
1258 1407 1490 1504 extraneam?

435 1504 533 1596 Tum
568 1507 670 1604 quod
702 1511 956 1594 tentationibus
986 1511 1078 1584 viem
1111 1513 1244 1603 aperire
1274 1533 1349 1587 non
1382 1509 1493 1585 debe·

432 1629 515 1712 mus
529 1653 541 1683 s
555 1630 635 1706 quae
659 1632 919 1704 nonnunquam
942 1607 960 1697 (
980 1607 1082 1702 quod
1103 1606 1238 1688 Deusa
1255 1608 1321 1687 suis
1340 1605 1490 1706 abigat)

436 1705 601 1784 instando
620 1706 830 1805 perficiunt,
851 1724 947 1786 certe
975 1708 1029 1783 rel
1049 1706 1222 1804 Spiritum
1232 1707 1395 1786 scandalo
1410 1731 1492 1804 per·

436 1823 602 1893 movent·
629 1806 812 1886 Debemus
837 1808 983 1908 quidem
1007 1811 1053 1885 ita
1084 1807 1217 1896 sande,
1245 1811 1281 1886 ta
1307 1822 1385 1888 totn
1408 1807 1492 1902 fidel

435 1903 623 1995 substantia
649 1909 834 1996 incedere,
858 1926 899 1986 ut
922 1907 1136 1991 conlisae2&
1163 1907 1292 1987 lecurae
1308 1907 1422 1985 ‘simus
1444 1905 1493 1986 de

438 2006 654 2092 conscientia
673 2009 811 2095 nostra,
826 2024 990 2106 optantes
1011 2006 1228 2103 perseverare
1256 2007 1293 2085 id
1313 2011 1349 2084 in
1364 2009 1492 2086 nobis.

435 2130 514 2188 nou
530 2123 651 2220 nmen
678 2108 936 2207 praesumentes·
972 2108 1067 2186 Nem
1081 2164 1091 2194 ,
1106 2111 1170 2203 oui
1190 2109 1390 2205 presumit,
1425 2108 1497 2198 mi·

436 2230 504 2308 nus
527 2228 596 2300 pm
622 2213 858 2309 veretut;qui
879 2212 995 2289 minus
1020 2223 1191 2294 veretur,
1215 2211 1334 2287 minus
1361 2230 1494 2305 praeca.

443 2308 595 2402 senoni
627 2311 745 2395 minus
771 2327 968 2404 praecavet.
993 2307 1071 2407 plus
1091 2309 1362 2405 periclitatur...
1390 2304 1493 2405 Quid

438 2421 559 2490 autem
578 2404 676 2484 alteri
697 2405 855 2501 periculo
883 2408 1001 2486 sumus
1023 2408 1040 2485 l
1065 2407 1166 2505 Quid
1190 2409 1288 2485 alteri
1316 2406 1497 2503 eoncupi-

437 2504 603 2592 scentiam
626 2510 1025 2607 importamuleuam
1050 2507 1074 2583 li
1106 2506 1203 2587 Deus
1224 2530 1300 2584 non
1322 2506 1497 2606 amplinn-
1539 2537 1542 2544 ·

436 2603 729 2703 delegem'laelo
746 2610 855 2707 stupri
877 2635 952 2687 non
976 2609 1147 2693 discernat
1171 2611 1207 2686 in
1232 2605 1497 2705 p'oenmnelcio

435 2729 479 2793 on
499 2709 649 2804 impune
672 2708 798 2787 habeat
813 2767 823 2797 ,
838 2735 916 2808 qnae
941 2710 1043 2789 alicui
1064 2709 1168 2786 suerit
1193 2710 1295 2786 causa
1324 2706 1496 2805 perditio·

437 2803 623 2884 nisiPerit
643 2809 806 2894 enimille
834 2811 964 2897 limus,
994 2823 1035 2888 ut
1061 2826 1158 2887 tuam
1179 2809 1331 2890 formam
1357 2829 1497 2892 concu-

437 2909 561 3003 pient,
576 2907 710 2994 &satia
725 2935 759 2986 es
772 2927 811 2986 tu
821 2912 958 3009 gladius
980 2909 1026 2984 illi
1040 2935 1051 3002 ;
1066 2907 1228 2994 umetis
1244 2908 1347 3006 culpa
1371 2931 1496 2992 vaces,

438 3013 482 3082 ub
508 3009 639 3083 invidia
665 3034 740 3085 non
770 3012 936 3088 libereris.
981 3009 1031 3087 Ut
1061 3009 1143 3086 cum
1174 3012 1211 3085 in
1238 3009 1384 3104 alicujus
1405 3029 1496 3103 agro

438 3105 664 3197 latrocinium
690 3110 828 3208 gestum
856 3113 934 3195 est,
959 3114 1094 3186 crimen
1122 3108 1268 3207 quidem
1302 3106 1496 3183 dominum

440 3228 517 3286 non
534 3214 714 3304 contingit
733 3234 744 3291 3
766 3211 852 3288 dum
876 3236 934 3288 rus
962 3227 1080 3285 tamen
1103 3210 1301 3305 ignominia
1322 3208 1496 3293 notatur,

438 3304 509 3400 ipse
527 3329 675 3404 quoque
699 3313 733 3384 in
748 3310 873 3390 familia
906 3309 1100 3404 aspergitur
1124 3365 1146 3400 „
1165 3359 1202 3400 ,‚.

489 3404 535 3475 Et
556 3423 671 3499 crpr9r
691 3465 745 3501 „‚,
776 3407 841 3497 Ha
862 3431 1005 3503 pompa
1025 3403 1192 3502 (inquit)
1217 3427 1326 3503 quam
1347 3403 1392 3479 de
1411 3426 1498 3497 pro.

440 3505 542 3583 ximo
564 3525 689 3584 curent
718 3509 866 3587 luxurie
888 3517 1098 3604 negotium,
1114 3505 1321 3604 dignoscere
1349 3507 1385 3581 in
1403 3504 1499 3582 sacili

444 3604 522 3687 est,
548 3607 648 3701 quod
671 3613 819 3707 gratiam
855 3611 994 3686 decoris
1030 3608 1145 3684 cultus
1171 3605 1337 3683 societate
1371 3605 1501 3700 prosti-

443 3718 557 3795 tuant.
588 3705 689 3794 Adeo
712 3707 734 3783 st
757 3708 890 3794 desint,
907 3709 1301 3803 irritan1‚&ingratam
1322 3704 1500 3786 reddunt.

442 3805 539 3891 velot
559 3825 775 3885 exarmatum
795 3813 830 3883 de
856 3810 1072 3902 naufragam·
1099 3806 1235 3884 Contra
1262 3804 1285 3879 st
1311 3805 1502 3881 sormade·

442 3902 548 3991 iecit,
566 3909 821 3987 adminiculum
840 3912 962 3984 nitoris
980 3907 1074 4005 quast
1098 3907 1143 3985 de
1164 3904 1226 3983 suo
1249 3908 1397 4002 gratiam
1422 3904 1503 3997 sup.

446 4004 529 4103 piet·
554 4004 690 4085 AEtates
716 4009 869 4106 denique
894 4015 1066 4108 requietas
1098 4008 1196 4103 jann,
1226 4007 1261 4081 de
1287 4010 1321 4082 in
1353 4022 1501 4100 portum

445 4104 625 4186 modestiae
647 4106 831 4188 subdutlus
857 4109 1020 4203 splendor
1044 4109 1081 4182 dc
1109 4108 1261 4203 dignitas
1281 4106 1398 4180 cultus
1415 4126 1503 4181 avo·

442 4221 547 4287 cant,
569 4205 605 4295 ua
627 4204 843 4292 severitatem
866 4211 1141 4306 appetitionibus
1160 4207 1356 4301 inquietant
1371 4259 1381 4288 ,
1397 4226 1504 4277 cnm.

445 4303 671 4398 pensantibus
691 4309 821 4386 scilicet
843 4312 982 4387 habitus
1001 4310 1257 4383 irritamentum
1278 4327 1344 4404 pru
1371 4303 1504 4399 frigora

441 4408 555 4480 aetatis
582 4462 603 4495 „
620 4462 657 4496 „.

501 4501 603 4584 idem
624 4501 813 4584 confirmat
832 4511 864 4585 S.
879 4511 975 4683 (ἐν.
996 4505 1058 4582 lib.
1084 4504 1141 4578 De
1157 4501 1431 4678 Dissipliemboe
1446 4500 1509 4579 ltu

960 4623 981 4698 3
1397 4606 1450 4674 itu
