4234 5350
631 571 702 667 De
727 581 875 694 quarto
899 567 1106 689 Deralogi
1128 580 1353 694 praeopto:
1380 667 1382 676 ,
1428 581 1487 684 65'

427 768 520 825 men
541 746 829 846 patrumfamilias
849 747 932 824 hinc
955 765 1125 826 exortum
1152 747 1193 826 sit
1216 805 1227 836 ,
1251 750 1286 824 dr
1319 761 1392 826 tam
1412 748 1483 828 iate

433 848 620 945 vulgatum
633 903 643 932 ,
657 861 697 923 ut
721 851 841 948 inique
862 853 967 924 etiam
988 851 1213 926 dominanter
1231 850 1346 927 hocse
1362 854 1482 926 nomi·

433 972 481 1023 ne
492 950 670 1046 gaudeant
692 948 871 1046 appellari·
898 946 973 1042 Qui
986 966 1105 1025 autem
1118 953 1190 1026 reri
1221 950 1483 1043 patresfamiliae

434 1048 536 1128 sunt.
560 1029 729 1124 omnibus
750 1053 784 1124 in
806 1047 931 1122 samiiia
951 1049 1006 1125 sua
1024 1065 1192 1143 tanquam
1212 1045 1343 1125 filiisad
1359 1051 1485 1154 cosen-

435 1145 592 1230 dum,&
614 1146 892 1241 promerendum
915 1145 1033 1228 Deum
1057 1146 1268 1233 consulunt,
1284 1149 1484 1228 desideran-

434 1263 485 1324 ter
496 1290 508 1325 a
519 1265 629 1344 atque
639 1263 804 1344 optantes
820 1252 938 1323 venire
962 1248 1009 1324 ad
1027 1248 1208 1325 coelestem
1229 1248 1483 1330 donimamus

431 1343 659 1424 necessarium
683 1369 759 1423 non
785 1344 826 1423 sit
839 1341 999 1424 officium
1024 1350 1216 1444 imperandi
1243 1349 1482 1436 mortalibus.
1551 1445 1556 1454 Ι

430 1442 1491 1642 retrusiouuiticircuitum&

431 1650 486 1746 gie
521 1647 655 1724 debent
685 1670 830 1745 patrea,
856 1648 957 1742 quod
981 1649 1235 1752 dominantur,
1263 1669 1370 1745 quam
1395 1648 1484 1725 serri

433 1746 606 1824 tolerare,
627 1746 727 1843 qood
753 1743 914 1824 serviunt.
942 1743 982 1823 Si
1002 1752 1082 1843 quir
1099 1766 1217 1824 autem
1237 1749 1400 1823 indomo
1418 1767 1482 1840 per

432 1845 712 1924 inobedientiam
736 1847 938 1925 domestica
959 1849 1037 1942 paci
1054 1847 1282 1933 adversator,
1313 1849 1488 1943 corripin'

433 1961 516 2033 tur,
540 1946 599 2023 seu
622 1950 732 2024 aerbo
752 2001 763 2032 ,
785 1947 841 2025 seu
865 1952 1031 2032 verbere,
1059 1945 1116 2024 seu
1138 1948 1299 2044 quolibet
1319 1948 1389 2022 aiio
1419 1969 1482 2043 ge·

434 2069 518 2124 nere
554 2067 674 2144 poenae
703 2047 819 2142 justo,
849 2064 957 2146 atque
979 2045 1104 2123 licito,
1128 2063 1302 2145 quantum
1336 2047 1482 2122 societat

433 2145 590 2221 numana
605 2147 797 2230 concedit,
816 2171 884 2242 pro
897 2149 983 2239 ejus,
1002 2150 1063 2241 qui
1076 2149 1270 2246 corripitur
1284 2203 1294 2231 ‚
1308 2151 1482 2229 utilitato,

434 2250 590 2343 ratpoti,
610 2245 705 2321 unde
726 2245 936 2332 dissiluerat,
956 2263 1156 2334 coaptetur.
1186 2250 1286 2324 Sicut
1299 2250 1393 2321 enim
1406 2269 1483 2321 nou
1595 2251 1597 2258 '

436 2345 487 2420 est
502 2343 738 2422 beneficentiae
752 2348 953 2442 adjurando
970 2343 1128 2433 efficere,
1148 2361 1187 2425 ut
1207 2347 1366 2431 bonum.
1381 2341 1484 2441 quod

435 2446 550 2541 majus
569 2447 640 2531 esi,
664 2449 863 2532 amittatur,
883 2449 931 2522 ita
948 2470 1027 2522 non
1040 2446 1088 2522 eii
1110 2449 1487 2542 innocentiaeparcen·

435 2543 640 2632 do-iinerc,
669 2563 708 2623 ut
730 2552 766 2623 in
795 2543 928 2624 malum
953 2548 1094 2644 gravior
1118 2548 1300 2624 incidatur·
1330 2546 1486 2623 Pertinet

435 2665 527 2744 ergo
555 2644 602 2721 ad
636 2649 835 2724 innocentis
868 2642 1058 2731 officium,
1095 2668 1170 2723 non
1203 2646 1317 2724 soium
1351 2644 1486 2722 nemini

437 2745 572 2822 malum
604 2747 732 2822 inserte
754 2801 764 2832 .
797 2770 919 2823 aerum
944 2751 1049 2822 etiam
1074 2745 1244 2822 cohibere
1265 2771 1284 2823 a
1307 2761 1484 2840 peccato.

436 2845 630 2944 vespunire
644 2862 830 2939 peccatum
843 2901 853 2932 .
866 2860 977 2923 otout
999 2844 1090 2943 ipse,
1103 2850 1164 2943 qui
1178 2847 1488 2944 pieditur,corri·

436 2960 543 3042 gatur
560 2950 903 3039 experimento,aut
919 2945 973 3022 alii
996 2961 1192 3022 terreantur
1217 2947 1386 3036 exemplo
1411 2998 1485 3038 Μ.

493 3043 593 3121 idem
620 3045 809 3123 confirmat
830 3055 860 3123 S.
889 3047 1094 3137 Gregorius,
1117 3044 1295 3122 Pastorulis
1318 3045 1421 3122 Curae
1449 3068 1487 3141 p.

441 3156 476 3236 3.
498 3140 832 3237 Admonitione6.„
845 3200 867 3236 „
886 3144 1017 3228 Aliter(
1032 3141 1395 3238 inquit)admonendi
1408 3145 1488 3219 sunt

439 3244 553 3328 servi,
572 3261 680 3339 atque
709 3246 805 3322 aliter
837 3248 985 3322 domini·
1008 3246 1107 3324 Servi
1138 3245 1298 3327 scilicet,
1330 3247 1427 3320 utin
1452 3242 1487 3317 io

439 3341 578 3443 semper
616 3345 849 3422 humisitatem
883 3346 1084 3422 conditioni
1115 3344 1280 3438 aspiciant
1299 3364 1309 3414 r
1331 3341 1502 3445 Domini.

439 3466 551 3527 vero,
574 3457 614 3521 ut
638 3436 770 3522 natura’e
792 3445 879 3530 suae.
903 3468 973 3542 qua
999 3442 1181 3542 aequaliter
1207 3443 1285 3520 sunt
1309 3466 1392 3519 cum
1419 3441 1489 3515 ser⁴

439 3546 493 3621 vis
515 3543 681 3629 conditi,
705 3549 914 3621 memoriam
938 3567 1013 3620 non
1045 3546 1220 3620 amittant.
1246 3544 1343 3618 Servi
1362 3541 1491 3617 admo·

439 3642 549 3718 nendi
575 3642 677 3730 sunt,
700 3666 748 3720 ne
762 3645 943 3735 ‚dominor
972 3641 1193 3741 despiciant,
1224 3668 1268 3718 ne
1288 3641 1411 3720 Deum
1433 3639 1489 3717 os·

440 3741 613 3819 tendant,
637 3742 661 3820 sr
683 3738 901 3821 ordinationi
932 3744 1022 3820 iliius
1050 3743 1285 3841 superbiendo
1308 3741 1491 3819 contradi·

440 3859 558 3921 cunt:
583 3839 904 3942 Domini'quoque
923 3844 1141 3920 admonendi
1152 3844 1252 3921 sunt,
1266 3845 1348 3940 quia
1363 3860 1491 3917 contra

440 3940 570 4020 Deum
595 3944 641 4018 de
668 3965 817 4021 munere
838 3944 913 4038 ejus
928 3940 1155 4040 superbiunt,
1171 3941 1195 4020 si
1210 3967 1295 4027 eoa,
1311 3964 1404 4040 quoa
1426 3960 1491 4036 per

441 4043 693 4120 conditionem
721 4059 845 4120 tenent
871 4041 1052 4121 subditos,
1074 4043 1224 4142 aequales
1249 4041 1310 4118 sibi
1339 4062 1402 4135 per
1431 4062 1494 4114 na·
1605 4101 1624 4148 ·.

440 4159 532 4220 torae
566 4142 786 4220 consortium
808 4140 896 4218 ¹non
933 4141 1142 4238 agnoscunt
1182 4139 1239 4219 lsti
1274 4138 1494 4218 admonendi

440 4243 548 4320 sunt,
567 4258 608 4319 ut
640 4240 750 4319 sciant
775 4242 809 4319 se
834 4241 952 4317 servor
975 4239 1043 4319 esse
1071 4243 1304 4319 dominorum
1324 4264 1336 4333 3
1358 4241 1404 4316 iiii
1430 4236 1493 4314 ad-

441 4343 621 4418 monendi
650 4340 750 4433 sunt,
775 4358 817 4422 ut
828 4340 1051 4440 cognoscant
1068 4339 1102 4420 se
1125 4343 1318 4432 conservet
1341 4336 1410 4418 effe
1426 4338 1494 4421 ser·

443 4462 578 4522 rorum
602 4493 672 4541 „a

922 4640 1002 4727 En
1369 4633 1449 4715 Ser-
