4234 5350
559 529 631 623 De
658 526 835 651 septimo
857 527 1062 649 Decalogl
1085 542 1307 653 praeseptoi
1387 557 1464 642 stt

417 716 588 789 tenetuts
626 718 668 781 ut
695 699 949 806 colligitur'ex
975 727 1054 807 cup.
1080 708 1172 780 Sicut
1192 708 1326 801 dignust
1344 753 1373 793 ‚·
1391 701 1476 794 Eut·

418 813 474 886 De
497 805 713 893 Homicidia,
732 812 770 897 ᾗ.
795 809 861 878 Eos
883 806 1037 901 insuper,
1061 808 1123 887 ubl
1144 804 1478 888 Alexamenum

418 909 485 992 illis
511 908 689 1002 loquens.
715 906 777 1005 qui
799 909 894 985 bona
924 912 957 978 S·
980 906 1111 980 Tuom
1131 904 1387 987 Cantuarienlia
1412 905 1479 982 Ar·

420 1006 637 1104 claiepilcopi
660 1006 740 1101 poll
767 1009 842 1100 ejus
864 1005 1079 1114 Martyrium
1102 1020 1387 1103 occupaverant,
1404 1008 1476 1086 aits

420 1165 444 1203 „
462 1163 485 1202 ,‚
512 1106 606 1199 Quae
626 1126 871 1202 occuparunt.
898 1108 1142 1205 eis,quorum
1162 1107 1330 1186 mount.
1353 1121 1483 1183 tenen·

420 1228 479 1287 tur
501 1211 538 1290 in
559 1210 739 1308 integrum
765 1207 1006 1292 rellitueresli
1028 1209 1210 1287 habentia
1233 1206 1480 1287 facultatibus.

424 1307 522 1400 unde
547 1302 677 1401 pollint
703 1328 743 1383 en
766 1308 933 1405 reddere3
947 1310 1028 1405 quia
1046 1308 1130 1386 licet
1154 1306 1317 1407 quedam
1340 1306 1478 1386 eschir·

422 1430 503 1507 quae
521 1423 811 1501 occupaverunt,
826 1408 1002 1494 fateantur
1019 1406 1053 1486 se
1070 1431 1140 1507 pru
1168 1411 1284 1489 eribus
1297 1400 1481 1505 erogalle.

422 1524 641 1585 nontamen
665 1506 797 1595 aliena,
813 1530 898 1586 cum
926 1508 997 1605 ipis
1018 1512 1123 1606 potui
1152 1524 1213 1586 ent
1236 1511 1481 1604 cinniorum

411 1610 578 1691 inerint,
594 1604 773 1683 restituere
786 1650 796 1686 2
807 1608 1010 1687 debuerunt
1023 1609 1237 1710 pauperibus
1249 1629 1398 1706 erogare
1410 1660 1432 1697 „
1443 1649 1482 1694 „0

470 1708 511 1788 ld
539 1703 730 1784 confirmat
749 1704 808 1785 lib·
821 1708 1026 1810 Synodicus
1045 1707 1206 1788 Eccleliae
1232 1700 1482 1787 Nemausenfis

426 1831 523 1892 anno
540 1817 649 1896 1284·
662 1808 778 1886 editus
798 1815 854 1887 tit·
868 1807 928 1888 De
937 1807 1231 1901 Paenitentia„
1250 1801 1484 1890 Famnoaetl

420 1911 437 2000 l
454 1911 561 2005 inquit
578 1910 593 1996 )
609 1909 762 1983 domino
779 1911 827 1990 rei
845 1910 1041 1991 restitutio,
1059 1908 1115 1987 vel
1132 1910 1207 2004 ejus
1225 1907 1411 1990 heredibus
1425 1927 1437 1998 ;
1454 1899 1484 1987 ll

422 2022 596 2111 poterunt
608 2007 851 2100 ipseni1i3sed
872 2006 1096 2122 fidiligeuter
1116 2009 1272 2109 ioquifiti
1285 2056 1296 2089 s
1310 2011 1347 2086 it
1359 2004 1486 2095 extm-

421 2113 503 2189 ilrti
526 2130 601 2184 non
632 2108 896 2198 inveniuntur.
923 2109 980 2187 rel
1014 2113 1247 2207 ignorantur,
1278 2127 1366 2186 tunc
1396 2123 1485 2184 cum

421 2207 581 2288 coolilln
593 2204 798 2285 Sacerdotis
832 2212 1086 2306 poeniteotialis
1104 2232 1158 2288 res
1177 2207 1235 2288 illa
1258 2207 1485 2288 distribuitur

421 2314 460 2389 io
484 2313 556 2406 pias
579 2304 718 2388 causas,
738 2309 776 2385 δι
793 2313 949 2386 maxime
975 2313 1011 2385 in
1040 2331 1238 2410 pauperum
1262 2306 1486 2386 lustentatio·

421 2431 532 2494 nem,
549 2427 617 2502 pro
636 2410 752 2485 anima
781 2411 897 2497 illius.
914 2411 1016 2503 cujus
1032 2413 1141 2488 l'uerit
1167 2432 1221 2486 res
1240 2408 1309 2489 illa·
1346 2403 1487 2483 Verum

421 2506 612 2609 fipetlooa
630 2505 756 2600 icitur,
768 2512 828 2587 cui
851 2511 900 2594 est
920 2510 1051 2588 solutio
1064 2565 1076 2596 ‚
1091 2507 1148 2585 rel
1166 2510 1339 2589 restitutio
1355 2506 1488 2584 facten-

420 2611 488 2695 dut
503 2606 608 2687 ledfi
638 2624 755 2700 tamen
782 2610 832 2690 eli
849 2614 886 2689 io
909 2613 1057 2688 remotis
1084 2610 1260 2710 partibus,
1282 2630 1349 2688 nec
1373 2606 1489 2703 sperus

420 2725 499 2799 tur,
518 2706 621 2808 quod
642 2711 769 2785 debeat
795 2711 908 2788 redire
934 2764 946 2805 ,
972 2715 1132 2791 mittatur
1152 2716 1215 2798 ei,
1242 2709 1266 2787 fl
1288 2701 1488 2786 commodo

422 2811 499 2889 lieri
512 2806 692 2908 polllts&
714 2809 851 2890 secure.
870 2808 1029 2906 alioquin
1055 2834 1124 2910 pro
1146 2833 1263 2893 turma
1285 2811 1381 2906 eiua.
1402 2825 1489 2885 cunt

422 2911 571 2990 conlilio
591 2907 751 2987 Ecclefiae
769 2915 981 3007 pauperibus
1002 2926 1198 3007 erogetur.
1215 2908 1336 2987 &hoc
1358 2906 1438 2990 liat.
1460 2901 1486 2978 ll

424 3035 479 3089 tes
503 3009 546 3089 sut
579 3009 751 3090 modica,
775 3033 856 3105 quae
890 3011 1023 3090 restitui
1059 3012 1167 3089 deber
1190 3014 1227 3088 in
1249 3004 1433 3103 expenfis;
1462 2999 1489 3086 fl

422 3135 479 3189 res
504 3112 554 3187 est
585 3112 706 3204 magni
738 3110 895 3191 valoris,
926 3111 1021 3185 mitti
1047 3111 1156 3189 debet
1180 3113 1217 3186 in
1238 3106 1397 3204 expenfis
1427 3102 1490 3178 dc·

424 3212 576 3387 tenttdnis
605 3208 651 3285 ad
690 3208 790 3292 illum
828 3208 1045 3299 absentem,
1070 3212 1130 3294 cui
1161 3211 1211 3291 eil
1239 3208 1413 3286 rellitutio
1436 3201 1490 3284 fo-

424 3335 502 3391 cless
531 3334 550 3396 a
576 3365 598 3401 ss
616 3353 654 3400 tul

476 3411 678 3508 Dupliciter
704 3424 824 3487 autent
856 3408 1039 3508 contingit
1065 3410 1248 3488 bonorum
1282 3405 1488 3505 aliquorum

427 3512 631 3592 dominium
654 3505 721 3584 elle
742 3512 930 3604 ignotum.
951 3513 1006 3587 vel
1024 3511 1270 3601 inparticulari
1289 3507 1487 3587 duntaxat.

424 3617 507 3715 quir
532 3611 660 3687 scillcet
692 3612 902 3703 ignoratur,
922 3613 1025 3706 cujus
1066 3608 1132 3687 fist
1157 3609 1409 3690 determinate,
1430 3598 1491 3684 sed

427 3729 547 3792 tamen
561 3711 666 3787 icitur
679 3707 748 3784 ell'e
760 3711 908 3803 alicuius
923 3754 932 3787 2
950 3727 1010 3788 aut
1030 3709 1233 3805 aliquorum
1247 3730 1292 3783 ex
1309 3707 1368 3784 tali
1388 3724 1493 3779 com·

427 3818 620 3897 munitate,
655 3809 708 3884 vel
733 3810 872 3904 oppido
894 3863 907 3893 ‚
942 3812 997 3886 vel
1026 3831 1158 3906 pugna
1188 3809 1243 3884 vel
1270 3813 1416 3902 ignotus
1441 3804 1493 3891 eli

426 3916 596 3990 dominus
626 3915 731 3984 etiam
762 3916 800 3986 in
824 3910 1031 3990 umnelin,
1070 3925 1111 3985 ut
1132 3907 1275 3997 casuum,
1294 3905 1413 3983 arbitri
1436 3903 1492 3979 lo.

430 4028 615 4110 quantur,
639 4012 685 4086 ita
701 4025 740 4085 ut
762 4034 807 4087 ne
826 4010 1033 4104 disjunctive
1055 4012 1201 4107 quidem
1223 4003 1393 4102 cognosci
1411 4003 1492 4098 poi,
1539 4048 1563 4079 μ

430 4112 474 4191 sat
494 4163 504 4195 ,
525 4133 644 4189 utrum
673 4109 718 4199 ad
741 4109 809 4185 hos
835 4163 847 4195 ,
876 4111 929 4184 vel
959 4111 1037 4186 illos
1068 4114 1274 4206 pertineant.
1308 4104 1347 4180 ln
1373 4110 1493 4198 primo

430 4216 578 4309 quidem
606 4211 684 4298 calu
705 4215 890 4286 bonorum
916 4209 1343 4304 hujusmodidillributio
1362 4203 1493 4284 facien,

430 4317 476 4391 da
506 4313 555 4389 est
577 4312 671 4397 illis,
696 4313 826 4403 quibus
851 4309 1034 4405 probabile
1056 4308 1106 4383 est
1122 4309 1294 4384 damnum
1322 4300 1390 4378 else
1408 4301 1496 4389 illa.

430 4430 522 4492 tuos·
558 4413 617 4490 Sic
650 4410 803 4495 milites,
826 4414 889 4504 qui
912 4411 1088 4505 oppidum
1117 4402 1407 4503 aliquodlinjulle.
1431 4403 1493 4482 de-

418 4514 585 4621 ,pssunt
602 4513 708 4606 lunt.
729 4531 791 4597 sut
807 4510 980 4692 plmfftos
1000 4532 1047 4594 ex
1066 4506 1277 4617 oppidanis,
1293 4502 1393 4690 apog
1401 4525 1497 4598 <tuot
