4234 5350
590 519 663 614 De
690 517 839 639 quinto
859 513 1065 636 Decalogi
1095 527 1319 641 precepto:
1414 521 1501 633 139⁴
1564 610 1593 666 ,¹

429 689 554 795 julian
580 717 643 765 uon
668 695 802 773 occides.
842 691 879 769 Si
896 716 986 791 crgo
1015 695 1078 772 ille
1099 697 1294 778 innocens,
1315 695 1352 772 dc
1381 696 1495 794 jullui

434 822 515 877 non
532 795 620 872 luit,
637 815 702 872 cur
722 794 937 891 proponitur
958 793 1176 872 imitandus?
1195 795 1232 875 Sl
1250 813 1370 874 autern
1386 802 1494 876 inno·
1518 793 1521 800 ’

436 920 545 979 cena,
565 896 601 971 dr
628 894 739 986 justus
754 894 841 975 luit,
856 914 964 989 quare
983 893 1187 972 interfector
1212 900 1434 983 innocentia,
1452 897 1492 974 dc

439 994 589 1095 justi.id
603 996 651 1071 est
673 994 779 1091 ipliur
799 994 940 1078 Raciae,
960 991 1493 1092 iniuperputrturellelaudan·

438 1095 529 1178 dusi
548 1097 666 1191 inquit
683 1099 715 1169 s.
729 1088 928 1187 Augustinus
952 1090 1154 1190 Epilt·2o4·
1166 1094 1247 1173 aliar
1260 1107 1319 1173 61.
1341 1097 1386 1175 ad
1402 1100 1495 1170 Dal·

436 1203 553 1270 sirium
568 1193 784 1271 Tribunum.
1207 1221 1209 1227 ·

488 1295 570 1375 Nec
588 1298 693 1371 etiam
711 1292 840 1369 eisdem
854 1289 1063 1391 suffragatur
1075 1289 1238 1379 stupris
1260 1292 1494 1393 exemplum,

435 1400 589 1499 quinon
615 1394 712 1469 aliter
735 1391 946 1470 excusatur,
975 1392 1079 1490 quod
1100 1393 1359 1490 scipsumcum
1383 1394 1496 1472 hosti·

434 1500 503 1577 bur
525 1498 626 1574 ruina
645 1493 776 1571 domur
804 1488 1000 1593 oppreliit,
1017 1491 1079 1568 niir
1105 1494 1205 1590 quod
1227 1492 1371 1565 latenrer
1387 1499 1495 1588 spiri·

433 1618 490 1673 tas
500 1593 628 1684 saudim
648 1594 708 1664 hoe
715 1587 876 1684 julittae,
894 1598 950 1688 qui
962 1615 1022 1685 per
1037 1594 1127 1664 illum
1145 1594 1304 1666 miracula
1321 1588 1496 1684 faciebatu

436 1713 481 1778 ut
501 1694 693 1794 respondet
714 1688 895 1786 &Argolis
919 1693 979 1768 lib.
998 1711 1027 1775 r.
1058 1696 1112 1766 De
1128 1696 1279 1765 civitate
1305 1697 1494 1793 Dei,.cap.

438 1815 498 1873 ar.
527 1797 700 1891 idemque
715 1793 760 1870 de
778 1793 897 1870 landis
918 1790 1128 1889 quibusdam
1142 1792 1283 1872 leminis
1299 1793 1495 1890 dicendum

437 1900 515 1979 est,
535 1918 616 1994 quar
639 1894 693 1969 vel
719 1892 779 1970 libi
804 1891 885 1990 iplrs
904 1907 1059 1968 mortem
1077 1908 1341 1990 procurarunt,
1360 1894 1417 1973 vel
1445 1893 1496 1972 se-

438 1999 526 2095 ipsae
545 1993 785 2073 mutilarunt,
811 2017 857 2068 ne
878 1993 923 2068 ab
953 1992 1113 2071 hostibus
1137 1993 1314 2071 christiani
1337 1996 1497 2072 nomini·

436 2099 668 2175 violarentur·
705 2094 746 2170 ld
766 2096 861 2168 eninr
895 2094 1044 2189 Spiritus
1059 2090 1163 2170 santii
1187 2092 1341 2189 impulsu
1366 2098 1497 2192 pariter
1571 2145 1577 2155 ‚

437 2197 529 2295 iplas
551 2189 665 2272 lecille
690 2196 748 2291 pie
770 2193 951 2286 creditur3
970 2193 1008 2268 dt
1026 2191 1103 2270 haeo
1127 2197 1291 2290 exempla
1312 2193 1500 2293 suspicien-

440 2308 489 2374 da
507 2350 520 2383 ,
536 2317 612 2371 non
632 2292 800 2370 imitanda
823 2293 911 2369 sunt.
949 2293 1011 2363 Ne
1036 2292 1196 2372 violemur
1218 2312 1399 2387 precepta,
1419 2299 1499 2366 dunt

438 2396 555 2493 paffirrr
580 2391 742 2484 [edamur
764 2391 911 2486 exempla
936 2396 1014 2485 (ut
1032 2391 1195 2493 loquitur
1225 2398 1259 2465 S,
1278 2391 1416 2489 August,
1433 2395 1499 2479 lib.

439 2504 566 2567 Contra
582 2494 814 2577 Mendacium.
837 2515 913 2585 cap·
927 2485 996 2580 9.)

488 2595 570 2676 Nec
598 2593 754 2691 denique
775 2591 841 2670 illis
866 2590 1076 2689 suffragatur
1110 2589 1240 2672 Canon
1265 2586 1351 2664 Noa
1375 2587 1419 2672 eli
1438 2614 1497 2664 ro·
1643 2657 1647 2672 ,

438 2694 544 2787 stram
557 2743 568 2778 ,
581 2696 680 2771 causa
691 2712 752 2787 23.
767 2692 886 2790 quest·
899 2713 930 2782 ς.
957 2695 1018 2789 qui
1037 2714 1092 2783 eu
1106 2701 1141 2767 S.
1151 2698 1353 2786 Hieronymo
1369 2696 1407 2770 in
1420 2710 1502 2792 cap.

445 2822 480 2877 1.
494 2796 599 2897 jonar
613 2794 805 2891 Prophetae
817 2791 1055 2889 sumpturest,
1075 2795 1176 2890 cujus
1187 2791 1266 2871 haec
1280 2791 1359 2874 lunt
1372 2797 1502 2873 verbra

442 2948 468 2995 ,
483 2897 525 2976 ln
552 2895 855 2997 persecutionibus
882 2893 1058 2971 nonlicet
1086 2897 1229 2991 propria
1245 2898 1503 2989 periremauu.

442 2997 606 3095 „abique
631 3019 679 3072 eo
708 2997 769 3072 ubi
804 2993 938 3071 castitas
968 2991 1185 3088 periclitatur
1214 3048 1246 3085 „.
1294 2994 1383 3072 Haec
1403 2998 1501 3071 enirn
1546 2997 1549 3001 ’

408 3146 412 3161 ,
444 3102 570 3183 verba,
583 3092 698 3191 abique
716 3117 778 3180 ea,
795 3095 831 3169 in
850 3092 948 3170 sensu
964 3092 1137 3171 inclulivo
1155 3092 1380 3192 intelligenda
1398 3094 1504 3173 lunt,

442 3201 484 3277 id
503 3199 552 3274 cll
572 3251 583 3282 ‚
603 3200 709 3273 etiaur
733 3193 822 3271 durn
838 3193 972 3270 calliras
1001 3193 1244 3287 periclitatum
1266 3193 1505 3290 quemadmo-

443 3299 536 3378 dum
564 3296 650 3373 illud
674 3293 955 3382 Canticnrum4
988 3290 1116 3387 Absque
1141 3316 1179 3362 ea
1200 3301 1284 3385 quod
1307 3293 1503 3379 intrinsecus

443 3402 558 3478 taren
578 3397 632 3472 vel
654 3393 792 3471 Cautio,
802 3400 836 3466 6.
865 3389 991 3485 ,ibique
1014 3394 1151 3462 occultis
1166 3399 1259 3476 ηὼς
1275 3409 1315 3471 ut
1338 3393 1508 3471 occulto·

443 3521 529 3577 rum
560 3517 707 3594 quoque
732 3491 964 3590 pulchritudo
988 3513 1074 3570 curu
1097 3508 1253 3571 externo
1287 3494 1419 3572 decore
1440 3493 1507 3570 de·

445 3597 618 3696 figuetlll'r
776 3638 778 3643 ·

742 3774 1075 3862 REGULA
1125 3775 1212 3863 lv.

443 3940 644 4028 Homicidii
668 3942 816 4017 reinon
834 3937 932 4026 lunt,
949 3941 1012 4036 qui
1033 3942 1142 4019 vitam
1154 3939 1251 4021 suam
1269 3960 1337 4038 pro
1354 3934 1427 4019 Dei
1439 3942 1511 4022 ho·

498 4068 612 4128 nore.
630 4043 683 4118 vel
698 4041 899 4137 reipublice
920 4042 1091 4123 utilitate,
1114 4044 1175 4121 ubi
1192 4042 1231 4120 id
1246 4038 1426 4121 neceffitaa
1438 4067 1506 4143 po·

501 4147 632 4224 stolat,
656 4158 757 4217 certo
785 4139 945 4237 periculo
971 4157 1175 4240 exponunt.

449 4305 603 4467 Cum
626 4301 721 4417 enim
746 4293 868 4414 Deum
884 4296 987 4395 super
1005 4304 1126 4377 omnia
1141 4298 1290 4401 diligere
1304 4314 1509 4387 teneamur,

553 4404 591 4478 dc
612 4401 813 4496 reipublrcae
837 4417 973 4490 partes,
992 4422 1034 4474 ac
1049 4405 1209 4478 membra
1229 4400 1358 4495 limus3
1381 4404 1511 4479 debeat

448 4523 569 4584 autern
589 4500 780 4602 quodlibet
801 4501 1009 4578 membrum
1022 4523 1093 4599 pro
1107 4503 1219 4581 rorice
1239 4506 1513 4675 conterratifoue

1440 4622 1461 4674 e
