4234 5350
649 557 732 645 aar
758 461 761 472 ¹
788 536 946 636 maor.
974 536 1091 650 uon
1107 461 1164 626 aa
1188 532 1341 639 uorat
1360 533 1456 635 un.
1474 537 1555 637 tv.

677 728 825 800 uantum
845 708 972 807 potest-
1001 706 1051 785 ut
1067 706 1151 792 ideo
1167 708 1267 813 quod
1285 708 1409 806 aliquia
1438 709 1586 806 seipsum
1608 713 1708 795 oeci·

578 811 581 816 ’
675 826 731 890 π,
753 814 803 888 esi
825 827 955 888 contra
981 810 1250 888 inclinationem
1274 810 1468 888 naturalem
1485 865 1495 897 ,
1514 810 1551 887 dr
1578 833 1707 893 contra

648 912 880 996 charitatem.
909 933 978 1011 qua
1002 909 1152 1003 quilibet
1177 907 1284 984 debet
1306 908 1452 1004 seipsum
1476 911 1632 1008 diligere·
1660 911 1708 998 Et

634 1012 733 1104 ,ideo
753 1011 803 1091 sui
824 1009 930 1107 ipsrus
944 1008 1078 1088 occiso
1091 1005 1228 1105 semper
1241 1007 1291 1088 est
1311 1026 1498 1107 peccatum
1524 1013 1675 1089 mortale
1693 1060 1706 1095 2

634 1121 778 1209 ‘utpote
800 1127 927 1189 contra
948 1107 1143 1185 naturalem
1164 1107 1314 1206 segem,
1346 1110 1382 1186 bc
1404 1130 1530 1186 contra
1554 1117 1706 1199 charita·

646 1227 723 1292 tom
743 1213 905 1293 existens·
930 1207 1216 1310 secundoquta
1235 1207 1384 1305 quilibet
1411 1211 1526 1296 bomo
1548 1212 1597 1296 est
1623 1236 1704 1308 pars

506 1357 509 1362 ·
646 1310 1048 1402 communitatis3unde
1061 1306 1206 1393 innoc,
1222 1309 1323 1405 quod
1348 1305 1494 1404 seipsum
1512 1313 1705 1400 interficit,

647 1414 812 1507 injuriam
840 1411 1092 1488 communitati
1121 1406 1217 1488 satit.
1257 1405 1417 1495 Tertio.
1448 1413 1530 1505 quia
1560 1416 1628 1488 vita
1652 1416 1703 1493 est

646 1510 835 1610 quoddam
848 1511 987 1586 donum
1001 1507 1168 1584 divinitus
1181 1506 1321 1590 homini
1332 1510 1703 1604 attributum‚&ejus

649 1612 815 1714 potestati
842 1608 1137 1709 correctumque
1158 1606 1318 1691 occidit,
1341 1610 1377 1684 ἅ
1402 1612 1625 1689 tiveresacit·
1655 1614 1701 1700 lit

650 1711 808 1811 ideo‘qui
820 1709 967 1809 seipsum
989 1711 1058 1786 vita
1072 1710 1188 1804 privat
1202 1727 1214 1797 ;
1229 1711 1266 1783 in
1280 1705 1401 1786 Deum
1420 1725 1570 1821 peccat3
1588 1710 1698 1806 sicut.

651 1816 717 1910 qui
736 1814 890 1903 alienum
912 1812 1049 1896 seruum
1074 1804 1262 1890 interficit,
1288 1824 1413 1906 peccat
1433 1811 1469 1885 in
1488 1812 1701 1894 dominum,

650 1913 754 2008 cujus
775 1911 825 1988 est
839 1908 1220 2007 servuetsrcutpeccat
1233 1907 1386 2005 illerqui
1401 1908 1542 2003 usurpat
1561 1913 1621 1987 libr
1644 1916 1702 2008 ju·

649 2011 785 2095 dicium
815 2012 919 2087 dere
942 2008 1004 2093 sibi
1032 2031 1120 2084 noo
1143 2004 1338 2088 commissa.
1373 2012 1429 2092 Ad
1463 2008 1576 2089 sotum
1603 2018 1699 2096 euim

648 2108 774 2203 Deum
796 2113 950 2205 pertinet
968 2108 1140 2206 judicium
1157 2112 1305 2195 mortis,
1320 2110 1356 2186 tic
1374 2114 1481 2198 vitre,
1502 2110 1697 2200 secundum

488 2259 507 2294 s
647 2211 735 2293 illud
751 2209 899 2290 Denter·
912 2226 967 2301 32.
983 2212 1051 2302 Ego
1063 2210 1226 2286 occidam,
1241 2209 1284 2280 (a
1295 2231 1353 2302 ego
1363 2209 1482 2285 vivere
1493 2205 1620 2300 sacrant
1630 2257 1699 2304 „„‚

700 2310 781 2389 Nec
797 2309 933 2390 suicidis
948 2308 1155 2407 suffragatur
1170 2308 1376 2406 exemplum
1395 2311 1514 2388 urata
1533 2359 1545 2396 ,
1563 2331 1597 2395 2.
1612 2312 1700 2390 bia·

647 2408 753 2492 chub·
768 2430 826 2505 14.
840 2413 941 2507 cujus
953 2410 1087 2489 facinus
1110 2407 1357 2494 narratumeli,
1375 2413 1640 2498 narrandarum,
1655 2418 1701 2485 (ν

640 2511 856 2609 judicandam
874 2513 1094 2607 potiusquam
1114 2510 1328 2596 imitandum,
1345 2509 1441 2606 quafi
1464 2525 1547 2587 ante
1571 2514 1699 2592 oculos

645 2612 997 2696 constitutumtnon
1026 2610 1107 2688 sane
1129 2609 1253 2695 nostro
1274 2608 1411 2704 judicio
1439 2610 1698 2704 judicandum.

644 2711 749 2808 quod
772 2734 840 2788 noe
858 2732 1030 2807 quoque,
1045 2709 1261 2788 uthominer
1274 2709 1404 2794 babere
1416 2709 1618 2810 possemus.
1639 2715 1695 2796 sed

561 2855 565 2863 ·
605 2826 610 2835 ‘
631 2810 960 2909 ‘judiciodottrinae
972 2810 1116 2895 sobriae.
1130 2832 1210 2908 quae
1227 2815 1263 2887 in
1280 2808 1359 2907 ipfis
1378 2809 1570 2905 Scripturis
1595 2812 1697 2897 sacric

499 2910 502 2915 ’
644 2908 803 3011 expressa
817 2912 875 3000 est.
908 2909 1038 3010 Longe
1047 2914 1181 3010 quippe
1194 2911 1261 2994 suit
1283 2935 1302 2989 a
1320 2911 1433 2994 verbis
1459 2912 1546 2995 iilis:
1567 2917 1695 2999 omae,

645 3014 731 3106 qaod
745 3008 810 3081 ribi
822 3009 1012 3105 applicitum
1021 3009 1131 3101 fuerit
1143 3065 1154 3109 ξ
1168 3018 1294 3105 accipe,
1315 3014 1358 3082 (φ
1375 3033 1410 3080 ur
1435 3012 1545 3082 dolore
1557 3012 1697 3103 sustine,

646 3115 691 3186 ci*
706 3118 742 3182 in
752 3112 940 3183 bumilitate
950 3128 1009 3184 trra
1020 3114 1217 3204 patientiam
1228 3107 1329 3198 habe,
1346 3107 1472 3193 Eccles·
1484 3128 1519 3194 2·
1528 3134 1564 3204 4·
1576 3170 1596 3206 ,,
1606 3112 1646 3199 N
1646 3138 1697 3196 ott

645 3266 671 3309 „
686 3234 777 3307 ergo
791 3211 857 3289 suit
871 3213 1180 3309 isteriresigendae
1192 3215 1316 3289 mortis
1342 3210 1562 3309 sapienr‚sed
1585 3217 1700 3291 seren·

646 3367 671 3407 „
685 3312 739 3389 dae
758 3311 962 3399 humilitatis
976 3314 1164 3412 impatiens
1181 3367 1216 3406 „.
1238 3312 1419 3410 Scriptum
1432 3310 1482 3397 est
1494 3367 1504 3399 ,
1518 3316 1619 3410 quod
1632 3338 1696 3392 vo·

646 3411 753 3489 luerit
764 3411 961 3500 Nobiliter,
974 3419 1017 3487 o*
1030 3417 1185 3484 vr'rr'tr'tcr
1198 3460 1209 3497 ,
1223 3414 1336 3496 mori.
1357 3410 1413 3487 sed
1437 3416 1697 3508 nunquidideo

644 3508 842 3608 sapienter?
855 3511 1032 3585 Nobiliter
1043 3513 1194 3595 scilicet,
1207 3534 1253 3590 ne
1273 3512 1469 3590 libertatem
1491 3512 1539 3589 sui
1554 3519 1694 3608 generis

644 3617 807 3704 captiuus
827 3619 1023 3699 amitteret:
1042 3614 1330 3692 Virrtr'reratttem
1343 3655 1353 3688 ,
1365 3612 1465 3708 quod
1479 3630 1591 3690 tantas
1605 3620 1695 3695 vitet

643 3713 755 3788 animi
775 3711 1078 3810 haberet‚quibua
1091 3713 1240 3794 idoneus
1251 3706 1353 3797 esset.
1372 3727 1412 3787 ut
1423 3709 1528 3808 seipse
1542 3719 1694 3807 periote-

644 3811 833 3909 ret,quod
844 3813 967 3910 gladio
983 3838 1067 3892 cum
1092 3816 1239 3908 impiere
1259 3834 1334 3888 non
1354 3807 1490 3908 posset,
1518 3813 1564 3891 de
1585 3840 1693 3894 muro

644 3908 679 3989 [e
701 3914 915 4010 precipitem
934 3912 1052 4000 dedit,
1065 3916 1100 3991 ἃ
1114 3912 1160 3990 stc
1173 3912 1290 3990 adbuc
1310 3915 1411 3995 vivus
1430 3915 1616 4011 abruptam
1630 3939 1696 3994 cu·

645 4013 756 4089 currit
772 4013 816 4089 nd
829 4032 983 4110 petram,
1002 4029 1110 4112 atque
1123 4016 1171 4097 ibi
1195 4014 1266 4106 jam
1285 4012 1470 4111 exsanguis
1495 4069 1506 4102 ,
1532 4018 1693 4097 intestina

643 4110 702 4195 [ua
716 4114 920 4214 producta
944 4136 1024 4210 que
1038 4131 1188 4210 utraque
1209 4137 1316 4195 manu
1335 4112 1491 4212 dissipata
1510 4113 1693 4211 spargebat

642 4215 680 4289 in
712 4215 918 4311 poputum,
941 4238 983 4295 ac
1012 4213 1142 4292 deiude
1174 4217 1293 4310 postea
1327 4212 1474 4298 defessus
1505 4221 1690 4294 occubuit.

641 4326 669 4405 „'
682 4311 816 4411 Magna
833 4312 909 4392 haec
927 4313 1028 4404 sunt,
1047 4338 1115 4392 nec
1136 4331 1254 4394 tamen
1273 4320 1378 4394 bona·
1405 4314 1492 4392 Non
1508 4318 1603 4396 enim
1627 4318 1694 4393 bo-

639 4466 664 4504 „
680 4437 767 4491 num
787 4414 837 4491 est
855 4439 987 4503 omne,
1002 4414 1105 4514 quod
1124 4440 1296 4514 mamrum
1319 4417 1397 4506 est3
1419 4417 1590 4513 quoniam
1612 4415 1694 4496 sunt

373 4518 380 4531 '
430 4522 623 4619 crocat-
638 4535 805 4617 amagua
817 4515 924 4599 etiam
940 4515 1032 4599 mala
1048 4570 1117 4614 Ν.
1145 4513 1247 4602 Deus
1271 4518 1382 4601 dixin
1400 4518 1629 4716 larcrcrrenjr,
1649 4521 1695 4598 d

724 4662 727 4666 ,
970 4692 973 4699 ¹
1610 4644 1647 4690 a·
