4234 5350
504 513 575 606 De
602 515 778 604 nono&
804 511 968 606 decimo
985 474 1130 606 Docal.
1149 517 1381 633 preceptis.
1401 539 1486 627 495

426 705 495 785 pro
513 682 657 773 senilis,-
683 684 719 761 id
740 683 791 762 est
804 735 816 774 ,
829 683 1045 774 desiderare,
1067 687 1106 764 dc
1126 688 1301 783 postulare
1315 689 1486 786 noelacit·
1605 687 1607 692 ’

434 787 631 870 Secundo,
655 782 730 859 haec
754 785 1036 884 concupiscende
1050 791 1100 864 ais
1124 784 1251 865 efficit,
1266 806 1306 867 ut
1326 786 1488 867 chariora

433 887 504 967 lint
533 887 636 964 nobie
660 882 730 961 Dei
757 903 924 969 munerat
947 910 1023 984 quo
1035 891 1130 964 enim
1154 889 1407 966 vehementiori
1426 890 1487 964 ali·

436 990 539 1078 cujus
558 990 607 1062 rei
626 984 819 1079 cupiditate
838 983 1051 1082 flagramus,
1071 1011 1117 1064 eo
1139 986 1280 1070 charior
1304 988 1359 1066 illa
1382 992 1487 1066 nobie

435 1111 491 1165 res
517 1085 594 1171 est,
622 1104 729 1180 atque
746 1085 937 1179 jucundior
956 1139 968 1173 ,
989 1105 1074 1164 cum
1103 1111 1182 1164 eam
1211 1089 1329 1187 adepti
1355 1089 1487 1170 fumun·

436 1183 565 1266 Tertio
585 1182 768 1260 delectatio
793 1184 890 1281 ipsa,
909 1205 1016 1284 quam
1043 1211 1089 1263 ex
1114 1211 1150 1264 re
1174 1191 1367 1281 concupita
1383 1190 1488 1270 lenti.
1523 1181 1527 1272 j
1638 1204 1672 1286 -Ι

435 1311 540 1383 mus,
555 1283 657 1371 lacit,
674 1297 714 1360 ut
726 1285 861 1377 majore
880 1289 1008 1382 plerane
1027 1288 1155 1381 gratiae
1176 1285 1260 1364 Deo
1278 1311 1437 1384 agamus·

487 1384 664 1464 Naturalis
682 1389 788 1481 igitur
803 1384 860 1460 illa
883 1389 933 1462 vis
959 1384 1162 1483 cupiditatis
1175 1403 1313 1485 ,quam
1332 1391 1487 1467 ratioin·

433 1500 488 1565 tra
508 1484 595 1561 fines
615 1483 694 1561 suos
725 1501 896 1561 coercet,
923 1507 999 1562 non
1025 1502 1163 1564 vetatur
1184 1488 1370 1580 postremis
1393 1493 1486 1566 duo·

428 1588 502 1674 ,bus
526 1582 699 1679 Decologi
723 1585 926 1682 praeceptio,
950 1588 1139 1686 multoque
1166 1595 1282 1666 minus
1304 1587 1487 1684 spiritualia

433 1687 492 1766 illa
510 1684 610 1762 retia
626 1691 752 1761 mentis
775 1687 973 1780 cupiditas,
998 1705 1068 1784 qua
1085 1688 1129 1763 ad
1149 1711 1275 1764 eorum
1297 1693 1487 1784 appetitio·

435 1809 520 1864 trem
547 1787 861 1882 incitamenque
889 1788 984 1862 carol
1011 1802 1226 1885 repugnant.
1254 1783 1359 1865 Hanc
1389 1791 1486 1872 eninr

431 1886 538 1965 -sacrar
556 1883 663 1983 litera
681 1890 899 1979 approbant,
922 1885 1020 1961 &ad
1040 1907 1117 1962 eam
1136 1887 1371 1965 adhortantur
1383 1900 1392 1955 r
1403 1890 1486 1983 Sap·

436 1995 473 2061 6.
491 1983 709 2075 concupiscite
718 1982 878 2071 se‘rmancs
895 2008 991 2062 meos.
1014 1983 1111 2068 Eccl.
1122 2004 1181 2079 24
1209 1982 1359 2073 Trcnftre
1374 1990 1415 2057 ad
1435 2003 1487 2058 nne

435 2106 572 2171 omncs,
599 2086 657 2176 qui
679 2084 903 2180 concupiscitis
929 2108 979 2158 nac
1003 2082 1085 2161 Psal.
1108 2098 1165 2178 83.
1200 2086 1425 2177 concupiscit,
1442 2090 1487 2170 θ’

436 2180 551 2268 deficit
572 2203 776 2275 animemed
800 2190 835 2253 in
868 2189 958 2256 ntrt'n
982 2190 1132 2257 Domini.
1170 2183 1267 2264 Cum
1294 2187 1486 2285 Apostolus

436 2284 558 2364 fidele!
578 2282 749 2361 admonet
780 2288 820 2355 cd
846 2283 946 2371 Cuius.
964 2302 996 2377 3.
1030 2300 1071 2363 ut
1097 2283 1315 2378 mortificent
1337 2287 1487 2379 concupi·
1578 2288 1580 2292 ’

431 2386 590 2476 scentiam
601 2381 1484 2484 nacaminnuit.aliquamelleconcupiscentiam.

437 2508 518 2583 quae
547 2506 609 2580 per
633 2481 664 2560 se
681 2485 771 2562 mala
794 2509 868 2561 non
895 2484 936 2562 sit
974 2487 1130 2581 alloquin
1157 2485 1371 2583 superfluum
1400 2482 1487 2572 illud
1609 2535 1611 2541 ι

431 2587 634 2684 epithetum
655 2581 748 2663 esset.
778 2584 867 2661 Non
887 2588 983 2661 enim
1010 2585 1205 2681 superbiam
1227 2588 1377 2675 malam,
1394 2588 1489 2682 inlu·

437 2687 566 2765 stiriam
591 2686 718 2762 malam
743 2687 1010 2771 ,idololatriam
1030 2686 1157 2763 malam
1180 2688 1304 2787 allquis
1328 2687 1488 2769 reucol-

436 2789 555 2871 xerit.
574 2790 657 2882 quia
683 2785 775 2862 nulla
802 2786 981 2883 superbla.
1001 2787 1187 2878 iniustitia,
1202 2788 1400 2887 idololatria
1421 2793 1488 2865 bo·

437 2908 484 2966 na
503 2885 562 2967 est.
591 2885 660 2961 Sed
683 2888 718 2959 dr
740 2889 892 2970 bonam,
914 2882 1115 2983 malamque
1138 2887 1486 2983 concupiscentiam.

440 2989 478 3063 ἃ
511 2986 689 3080 utriulque
720 2986 904 3060 discrimen
934 2985 1056 3063 clarius
1089 2984 1253 3081 indigitat
1280 2984 1324 3062 ad
1359 2985 1434 3056 Gal.
1452 3005 1486 3076 ς.

437 3085 609 3164 scribens}
630 3094 714 3153 Ceno
732 3084 924 3179 concupiscit
950 3081 1105 3169 aduersus
1120 3083 1276 3172 spirirum
1297 3134 1307 3167 ,
1330 3088 1372 3157 Θ
1386 3083 1489 3177 [pim-

438 3205 493 3260 tina
508 3182 662 3271 adversus
683 3207 822 3260 carnem.
851 3182 945 3261 Nam
961 3183 1246 3276 concupiscentia
1269 3183 1404 3279 spirituo
1426 3180 1490 3263 ad·

438 3287 556 3365 reisue
578 3308 720 3363 carnem
742 3307 787 3361 ex
809 3285 841 3360 se
863 3285 1069 3380 semperque
1092 3287 1186 3360 bom
1209 3284 1281 3360 elit
1303 3282 1491 3382 Concupi-

438 3388 569 3465 scentia
592 3410 678 3462 tero
705 3391 817 3463 carnis
843 3383 1005 3460 adsersus
1025 3386 1183 3479 spiritum
1214 3401 1260 3459 en
1283 3384 1315 3460 se
1336 3383 1489 3475 semper-

439 3510 512 3587 que
530 3488 629 3562 mala.
656 3487 712 3563 no
734 3486 943 3583 spiritualem
960 3483 1053 3560 illam
1078 3486 1179 3562 reeta
1201 3485 1327 3559 mentia
1351 3481 1490 3579 cupidi·

440 3602 551 3663 tatem
579 3591 751 3682 pertinet,
802 3585 877 3660 ood
903 3590 935 3654 S.
948 3591 1002 3656 An
1024 3580 1083 3666 ud.
1104 3586 1152 3661 ait
1174 3571 1285 3675 ann
1308 3584 1345 3659 in
1372 3581 1435 3678 Ep.
1453 3601 1487 3657 1.

439 3685 474 3764 S.
488 3684 658 3780 joannis:
682 3741 702 3775 „
716 3744 738 3780 „
765 3609 861 3762 'Pota
880 3689 948 3761 vita
971 3607 1158 3764 Cfiristianl
1177 3682 1332 3761 santium
1355 3680 1490 3767 deside·

440 3790 537 3862 rium
555 3785 614 3860 eli·
638 3783 751 3878 Quod
768 3802 885 3862 autem
903 3784 1094 3870 desideras,
1111 3783 1274 3861 nondum
1297 3782 1415 3871 nidee3
1429 3777 1487 3857 sed

440 3883 673 3962 desiderando
701 3906 812 3983 capax,
838 3880 982 3962 efficeris
1004 3928 1013 3958 2
1039 3900 1079 3960 ut
1100 3902 1185 3960 cum
1209 3887 1366 3963 tenerit,
1385 3878 1487 3980 quod

442 3991 581 4070 videas,
594 3985 777 4082 implearis.
802 3984 913 4063 Sicuti
929 3989 1024 4061 enlm
1041 3982 1064 4057 si
1083 3983 1166 4060 velis
1180 3985 1319 4083 impleri
1333 3981 1488 4078 aliquem

441 4085 581 4176 sirium,
607 4087 644 4159 dc
668 4086 759 4162 nosti
774 4128 781 4159 ι
796 4108 903 4181 quam
923 4106 1094 4180 magnum
1112 4083 1182 4167 est.
1204 4083 1304 4179 quod
1323 4082 1463 4161 dabitur
1471 4128 1485 4167 .

442 4180 607 4263 extendis
636 4184 777 4275 sarium3
803 4185 892 4257 nolli
910 4202 1102 4281 -quantum
1126 4180 1285 4262 missurus
1307 4183 1415 4268 em&
1436 4185 1489 4257 vi·

444 4289 508 4362 deo
523 4338 534 4372 ,
548 4288 630 4380 quia
656 4286 822 4380 angustus
842 4282 890 4357 est
912 4283 1024 4372 {lousa
1037 4284 1266 4359 extendendo
1286 4282 1367 4359 sacis
1385 4304 1488 4378 capa·

441 4394 578 4485 cionem
606 4382 688 4477 3fic
714 4383 813 4462 Deus
838 4378 1038 4458 differendo
1067 4383 1228 4459 extendit
1252 4380 1484 4462 defiderium,

442 4484 676 4565 dellderando
695 4481 856 4565 extendit
876 4485 1055 4571 animum.
1075 4480 1304 4561 extendendo
1329 4481 1409 4557 iacit
1428 4502 1488 4569 οφ,

496 4585 592 4666 Toni.
616 4587 681 4659 lic
709 4580 714 4585 ’
957 4580 1014 4659 li
1323 4582 1445 4680 pacio-
