4234 5350
391 599 397 610 .
530 509 625 650 §aa
699 523 856 630 Theoi
885 527 1001 649 Dog.
1030 509 1250 632 &liutai
1277 513 1373 639 lib,
1386 533 1463 642 iv.

404 733 408 740 ·
534 701 594 790 seu
629 708 754 788 diune
776 707 865 806 legis
886 701 1018 804 regulo
1050 710 1084 788 se
1108 705 1325 792 conformet.
1352 708 1421 789 Cui
1444 710 1593 811 quidem

510 811 654 889 ·homo
672 807 891 889 conformari
917 811 1045 897 debet,
1074 810 1111 885 dr
1139 812 1175 883 in
1195 808 1268 893 ltin,
1294 833 1374 907 quae
1397 813 1440 888 ad
1464 820 1595 912 cogni·

533 912 673 988 tionem
699 913 902 1006 pertinent.
927 910 964 987 dr
982 910 1055 986 hoc
1078 916 1231 1008 pertinet
1249 911 1292 984 ad
1317 918 1500 989 veritatem
1526 917 1594 993 do·

533 1012 683 1105 sicinae3
708 1006 745 1086 δι
772 1007 886 1083 iuliis
914 1032 1022 1105 ‚quac
1048 1013 1091 1085 ad
1116 1010 1290 1086 astionem
1327 1009 1479 1107 speciant
1493 1040 1504 1106 3
1523 1014 1595 1096 uva

534 1132 576 1187 ea
590 1111 716 1188 debeat
743 1105 868 1203 anquis
895 1131 958 1201 per
982 1109 1128 1202 seipsum
1149 1132 1253 1206 agere
1276 1157 1287 1190 .
1309 1112 1409 1203 quod
1438 1120 1592 1207 pertinet

533 1211 580 1289 ad
596 1213 778 1300 veritatem
799 1208 902 1297 ritaei
922 1205 1177 1285 sr-reeadeloeat
1190 1208 1261 1284 allio
1274 1208 1487 1289 observanda
1503 1238 1593 1312 pro.

531 1313 718 1406 mulgare.
738 1306 839 1404 quod
864 1315 1016 1402 pertinet
1040 1308 1085 1384 ad
1117 1322 1297 1383 veritatem
1329 1311 1488 1405 justitiae,
1510 1337 1592 1411 quae

533 1409 693 1489 confiuit
714 1412 748 1484 in
773 1409 981 1485 retiltudine
1003 1409 1137 1504 judicii.
1178 1405 1267 1484 Non
1298 1424 1414 1484 tamen
1437 1418 1590 1507 quicun.

532 1529 607 1610 que
630 1509 868 1608 pretermittit
885 1503 1040 1604 aliquid,
1060 1512 1096 1584 in
1116 1532 1192 1605 quo
1214 1511 1246 1584 l'o
1266 1508 1396 1586 divinae
1411 1510 1482 1607 legi
1500 1534 1589 1590 con·

531 1601 837 1708 saturaremini,
859 1609 992 1684 dicitur
1004 1613 1186 1684 veritatem
1209 1611 1405 1687 dimittere.
1422 1616 1504 1707 quia
1522 1614 1586 1689 illo

528 1721 678 1789 remoto
701 1710 826 1783 ueritas
852 1707 969 1786 adhuc
990 1722 1171 1783 remanere
1186 1711 1326 1806 potesl3
1342 1706 1400 1784 sed
1425 1727 1513 1787 tunc
1531 1713 1585 1789 dis

530 1811 624 1887 citur
653 1804 777 1904 aliquis
805 1811 988 1883 veritatem
1014 1811 1217 1894 dimittere,
1245 1810 1392 1903 quaudo
1415 1813 1582 1895 dimittit.

530 1907 589 1985 vel
612 1908 695 1985 lacit
712 1907 876 2002 aliquid.
903 1927 979 2005 quo
1006 1904 1135 1983 omilin
1151 1951 1162 1987 .
1179 1911 1214 1983 dt
1240 1908 1332 1984 iasio
1357 1914 1481 1985 veritas
1507 1931 1584 1989 nott

529 2021 677 2094 manet;
702 2003 893 2100 nundine
919 2027 1069 2104 peccato
1090 2004 1156 2082 esse
1178 2032 1252 2083 non
1276 2009 1402 2104 potest.
1433 2012 1477 2089 Et
1500 2013 1583 2089 iden

528 2106 632 2186 nullo
653 2108 767 2184 niodo
790 2108 915 2183 veritae
935 2121 1085 2206 propter
1110 2107 1309 2187 scandalum
1338 2108 1508 2206 pallivum
1532 2114 1582 2189 al·

529 2211 640 2287 terina
665 2208 874 2294 dimittenda
899 2205 949 2281 eli
973 2260 996 2292 2.
1011 2262 1046 2299 „.

580 2306 760 2387 Ceterum
774 2359 831 2398 Μ,
858 2300 1260 2383 Veritasdotlrinaenon
1279 2314 1581 2404 pretermittitur.

557 2405 677 2485 uando
700 2407 815 2499 aliqua
836 2427 889 2480 rea
915 2423 993 2481 reta
1015 2422 1176 2493 tacetur,
1192 2408 1248 2483 sed
1267 2412 1414 2506 quando
1442 2419 1579 2491 veritati

526 2427 620 2586 filiun
634 2512 686 2600 rei
700 2505 944 2602 praejudicium
959 2519 1169 2601 generatur.
1185 2505 1254 2582 stre
1267 2529 1313 2582 ex
1325 2516 1500 2586 contraria
1512 2516 1578 2589 du·

399 2684 401 2689 ,
525 2606 634 2685 lirina
647 2655 658 2689 .
673 2605 742 2683 lire
762 2625 809 2680 ex
821 2608 1058 2680 taciturnitate
1074 2602 1276 2703 aliquorum
1292 2608 1350 2687 3&
1371 2607 1416 2684 lic
1427 2630 1576 2705 propter

524 2707 666 2785 nullum
679 2705 877 2782 scandalum
889 2707 939 2782 eli
949 2707 1075 2782 veritas
1090 2705 1260 2782 dollrinae
1272 2707 1500 2804 relinquenda
1512 2767 1533 2802 ,‚
1549 2764 1571 2803 „

522 2807 603 2902 (ut
616 2803 729 2884 curlus
748 2803 909 2882 observat
929 2811 961 2875 S.
975 2805 1142 2892 Thomas,
1171 2806 1303 2880 ibidem
1330 2824 1393 2882 art.
1413 2824 1446 2900 3·
1464 2813 1499 2883 in
1518 2834 1573 2887 re·

522 2903 715 3005 sponsione
728 2903 772 2981 ad
783 2903 988 2982 secundum.
1004 2903 1020 2996 )
1036 2903 1203 2999 Alioquin
1220 2928 1266 2982 eo
1295 2922 1393 2983 reatu
1408 2906 1575 2992 Dotiurt

523 3006 580 3082 vel
591 3003 841 3084 concionator
853 3005 886 3081 le
897 3005 1225 3104 obstringit,quem
1240 3006 1465 3102 reprehendit
1475 3015 1575 3107 Apo.

522 3104 688 3184 stolurad
703 3108 866 3176 Romanos
886 3128 964 3201 cap·
981 3127 1011 3180 t.
1027 3107 1148 3181 dicens
1161 3126 1172 3175 r
1186 3108 1369 3176 Revelarur
1388 3133 1441 3176 rra
1455 3113 1521 3180 Der
1535 3116 1577 3182 de·

519 3206 599 3277 torio
612 3203 709 3299 super
728 3227 850 3277 ornnem
875 3206 1102 3301 impietatem,
1124 3209 1166 3277 (φ
1193 3202 1386 3299 injustitiam
1407 3207 1573 3283 hominurn

519 3324 660 3391 eorum,
691 3307 748 3396 qui
776 3306 954 3376 veritatem
983 3309 1052 3377 Dei
1070 3311 1105 3376 irr
1137 3306 1300 3399 injuliitio
1318 3311 1473 3380 detinent.
1501 3311 1570 3388 Sed

521 3426 607 3484 cum
628 3409 752 3482 vetitas
767 3427 842 3481 non
860 3407 909 3483 est
925 3405 969 3481 ad
987 3404 1131 3484 salutem
1145 3451 1155 3481 .
1171 3423 1232 3484 aut
1260 3407 1302 3483 ad
1317 3407 1570 3503 perfectionem

519 3503 635 3582 salutii
662 3501 869 3601 neeessaria;
891 3521 951 3583 aut
966 3506 1103 3582 nullum
1122 3503 1183 3604 ipsi
1207 3510 1448 3604 prejudicium
1471 3532 1571 3589 creau

517 3618 577 3683 tur
608 3624 654 3681 ex
677 3604 814 3681 silentio
828 3604 1039 3705 ‚imoipstus
1063 3608 1216 3682 veritatis
1239 3606 1411 3695 charitas,
1431 3613 1466 3684 dr
1482 3612 1569 3689 cha·

517 3708 629 3781 citatis
650 3712 773 3783 veritat
788 3706 1043 3803 postulanmut
1067 3720 1155 3784 tunc
1176 3722 1356 3795 taceatur,
1378 3709 1414 3782 dt
1428 3733 1566 3807 oppor.

515 3816 611 3882 tuno
635 3819 799 3902 tempore
820 3806 970 3882 dicenda
993 3856 1005 3891 ,
1025 3805 1079 3880 tel
1105 3803 1323 3898 predicanda
1351 3807 1563 3900 differatur.

515 3904 656 3981 lilentio
677 3909 818 3980 interim
844 3908 955 3996 premi
982 3903 1108 3998 potest·
1137 3902 1240 3981 Unde
1255 3907 1413 3986 Christus
1432 3909 1563 3990 Domi·

515 4019 582 4082 nus
600 4001 773 4100 discipulis
786 4003 849 4079 luia
862 4009 909 4079 ait
923 4059 934 4089 ‚
946 3997 1052 4094 joan.
1075 4016 1133 4078 16.
1146 4005 1259 4076 Adhuc
1275 4008 1377 4079 multa
1393 4008 1564 4082 labeone.

512 4096 563 4172 sris
577 4107 704 4190 dicere,
716 4103 766 4188 led
783 4126 844 4171 non
856 4102 988 4198 poteliir
1004 4125 1137 4198 portare
1148 4111 1253 4190 morlo,
1284 4105 1329 4184 Et
1339 4117 1372 4180 s.
1382 4114 1563 4203 Gregorius

512 4203 766 4277 Nazianzenus
783 4198 889 4298 Epist.
906 4222 967 4298 ²4⁴
988 4226 1069 4303 quae
1093 4207 1136 4282 ad
1164 4215 1196 4274 d.
1219 4204 1374 4292 Baftir'unr
1392 4210 1558 4304 vigesima

509 4302 584 4378 eil.
601 4299 703 4398 ipsius
727 4310 972 4380 oeconomiam
994 4305 1161 4391 excusat,
1182 4308 1282 4405 quod
1292 4307 1440 4403 Spiritus
1452 4306 1558 4391 sandi

509 4397 745 4479 Divinitatem
763 4403 834 4480 aliis
855 4405 1068 4483 dictionibus
1097 4408 1172 4482 satis
1195 4405 1418 4505 significant.
1444 4409 1557 4504 iplurlt

512 4498 672 4599 expresse
691 4499 814 4581 lleoru
827 4504 1019 4602 aliquando
1036 4529 1113 4584 non
1132 4507 1380 4605 appellaverit,
1401 4526 1442 4585 ut
1468 4525 1559 4588 tenr-

1443 4630 1504 4706 pe·
1543 4678 1547 4685 .
