4234 5350
601 569 685 672 338
771 545 1056 671 Theotuog.·
1086 559 1142 654 δέ,
1165 551 1318 651 illuni.
1343 561 1441 658 Lib.
1454 563 1531 659 IV.
1638 473 1642 478 Ι

599 709 737 827 peccati
755 728 803 801 rei
825 723 905 806 lunt
928 723 1080 815 Ducem
1108 734 1171 829 qui
1202 731 1280 811 hnc
1304 732 1546 822 diffimolant.
1562 735 1601 814 ἀ
1622 734 1668 816 ad

599 821 859 906 restitutionem
887 829 994 904 eriam
1020 845 1198 909 tenentur.
1373 859 1375 863 ·

872 969 1201 1066 necuit
1249 985 1397 1070 XXI.

600 1105 839 1220 legionum·
864 1115 1149 1213 cohortiumque
1173 1117 1296 1196 Duces
1321 1117 1452 1222 rapine!
1484 1114 1533 1190 rei
1560 1111 1665 1214 lunt,

652 1245 738 1299 cunr
756 1217 903 1300 milites,
925 1216 1096 1305 rusticor,
1112 1221 1228 1307 cives.
1244 1215 1469 1315 Principem,
1490 1229 1554 1293 eut
1571 1231 1666 1296 rem«
1692 1305 1696 1312 ,

653 1319 834 1418 publicam
856 1311 1078 1394 defraudant·
1632 1385 1635 1393 .
1658 1399 1662 1408 ,
1689 1348 1697 1397 τ

682 1445 794 1538 apinae
815 1429 1032 1539 (inquam)
1055 1443 1105 1518 rel
1131 1441 1240 1528 sunt,
1260 1442 1323 1538 qui
1344 1437 1511 1536 stipendio
1542 1441 1661 1520 milito

697 1547 763 1621 bue
789 1564 866 1617 non
889 1541 1054 1619 solvunt,
1073 1542 1337 1620 &restitutioni
1365 1557 1530 1618 omnium
1556 1543 1661 1619 dam·

598 1665 736 1721 norum
759 1643 841 1720 inde
868 1641 1164 1740 consequentium
1192 1639 1271 1721 lunt
1290 1644 1469 1735 obnoxii,
1491 1640 1561 1738 siue
1591 1645 1658 1719 mi·

599 1741 721 1821 litibus
742 1741 821 1838 iplis
838 1797 850 1826 ‚
870 1741 951 1817 sive·
967 1743 1127 1819 rusticis.
1147 1761 1209 1822 aut
1231 1746 1385 1820 civibus,
1407 1742 1479 1840 qui-
1502 1742 1673 1820 ri-ruilitev

599 1842 783 1937 stipendiis
813 1839 1023 1920 defraudato
1051 1842 1276 1940 spoliantur,
1317 1844 1353 1917 rit
1387 1845 1657 1939 opprimuntun

597 1940 749 2038 Rupinae
771 1945 821 2019 rei
845 1942 924 2021 lunt
948 1942 1051 2020 &illi
1066 1993 1075 2026 ‚
1090 1950 1154 2038 qui
1177 1943 1373 2039 completas
1387 1941 1572 2037 legiones.
1598 1942 1657 2022 vel

596 2042 771 2120 cohortes
788 2063 867 2119 non·
893 2041 1050 2127 habent,
1076 2045 1259 2121 &tamen
1285 2065 1352 2142 pro
1375 2051 1527 2146 numero
1563 2044 1656 2130 mili-

540 2235 550 2254 ·
595 2155 703 2228 tum.
730 2165 808 2241 quo
830 2143 991 2222 constare
1015 2141 1150 2222 debent
1174 2200 1185 2232 ,
1213 2142 1384 2238 stipendio
1412 2149 1573 2239 exigunt.
1602 2135 1662 2219 Hi·-

593 2265 674 2321 uon
696 2243 811 2322 lulum
833 2246 1012 2321 restituere
1031 2261 1200 2322 tenentur
1227 2246 1417 2341 stipendia,
1434 2264 1514 2339 quae
1527 2243 1655 2339 injuste¹

592 2359 834 2441 acceperunt,
854 2343 910 2419 led
949 2348 985 2421 ἃ
1012 2344 1140 2421 damna
1164 2345 1337 2438 Principi,
1365 2343 1419 2418 vel
1449 2343 1652 2439 reipublice!

591 2465 642 2519 ex
654 2447 906 2521 imminutione
917 2442 1102 2540 legionum
1118 2491 1126 2519 ‚
1142 2442 1200 2520 vel
1212 2441 1421 2532 cohortium
1434 2445 1654 2535 provenien.

590 2545 640 2621 tia
659 2545 829 2623 resarcire·
854 2540 1001 2640 Rupinae
1015 2547 1135 2637 iraque
1154 2567 1235 2617 reos
1248 2537 1316 2617 elle
1334 2543 1479 2615 minime
1493 2542 1648 2619 dubium

589 2644 660 2729 est,
682 2645 743 2743 qui
770 2642 857 2717 dum
884 2641 1042 2738 legiones
1065 2641 1287 2719 recensentur
1309 2686 1319 2718 2
1339 2640 1478 2736 aliquos
1496 2641 1540 2715 od
1564 2640 1646 2737 lup·

588 2744 764 2843 plenorum
787 2764 980 2818 numerum
1001 2745 1037 2816 in
1061 2741 1182 2821 habitu
1207 2739 1345 2816 militari
1366 2740 1559 2826 exhibent,
1581 2743 1648 2837 qui

587 2863 709 2918 revera
732 2863 807 2916 non
833 2840 912 2918 lune
940 2840 1141 2940 conscripti.
1177 2839 1324 2938 Rapinae
1342 2843 1447 2917 etiarn
1470 2842 1522 2916 rei
1541 2841 1645 2923 lunt.

585 2963 657 3017 uec
676 2940 936 3017 arestitutiouir
957 2961 1067 3020 onere
1094 2946 1296 3026 immunes,
1325 2944 1388 3040 qui
1416 2965 1434 3015 a
1460 2944 1563 3017 certis
1583 2959 1646 3036 pas.

583 3041 666 3137 gis,
689 3042 743 3118 vel
763 3041 906 3136 oppidis
930 3048 1095 3139 pecunias
1117 3047 1387 3140 accipientem
1411 3042 1536 3117 milites
1553 3044 1641 3137 mlt-

583 3155 687 3223 taut,
703 3141 758 3218 vel
785 3142 920 3217 ducant
949 3166 984 3218 rn
1007 3145 1072 3218 alin
1099 3144 1178 3219 loce
1204 3139 1345 3235 hospitii
1371 3146 1492 3238 gratia·
1518 3139 1641 3218 Duces

583 3243 681 3318 enim
705 3241 856 3318 militum
877 3258 916 3317 e'a
945 3242 1064 3319 solum·
1083 3243 1240 3320 vitlualia
1269 3245 1447 3349 percipere
1470 3239 1636 3333 poliunt,

581 3361 663 3440 quae
681 3365 727 3416 ex
755 3340 1034 3428 consuetudine,
1057 3343 1116 3418 rel·
1138 3345 1307 3419 mandato
1348 3341 1544 3437 Principis,
1570 3341 1642 3417 live

578 3443 826 3518 ministrorum
847 3443 922 3538 ejus
933 3442 1159 3518 indicuntur.
1177 3444 1285 3536 idque
1306 3444 1341 3515 in
1362 3466 1406 3515 eo
1431 3456 1569 3517 rantum
1586 3443 1640 3535 Ιο-Ι

579 3561 651 3625 co,
666 3542 728 3617 ubi
748 3541 974 3639 excipiuntur
992 3541 1169 3638 hospiti03
1183 3563 1249 3616 nec
1269 3542 1325 3635 jus
1349 3539 1480 3618 habent
1501 3539 1634 3639 aliquid

577 3637 749 3737 exigendi
777 3643 884 3716 abiis
908 3643 1038 3739 ,opud
1069 3665 1161 3736 quos
1194 3661 1268 3714 non
1306 3639 1541 3734 diversantem
1570 3662 1637 3717 neo

530 3833 533 3840 ¹
577 3760 694 3816 unum
720 3741 896 3837 oppidum
918 3779 929 3817 r
950 3739 1015 3816 vel
1032 3752 1164 3835 pagum
1191 3761 1262 3835 prae
1292 3739 1363 3814 aliis
1388 3763 1536 3836 gravare
1554 3739 1636 3836 ipsis

577 3836 685 3932 licen
706 3838 761 3915 led
781 3841 910 3919 habete
934 3839 1066 3915 debent
1094 3848 1268 3914 rationem
1293 3842 1424 3916 itineris
1458 3838 1521 3919 fibi
1546 3862 1637 3939 pre-¹

576 3934 717 4037 lcnpti,
740 3940 777 4015 &
797 3941 833 4014 in
862 3939 949 4013 locis
972 3936 1158 4035 defignutis
1177 3935 1350 4016 diversari·

830 4057 1159 4140 REGULA
1209 4055 1377 4143 XXII.

613 4213 775 4313 Rapinae
804 4218 855 4294 rei
880 4215 960 4296 lunt
982 4273 994 4307 ,
1018 4223 1225 4319 quicunque
1250 4251 1304 4304 res
1324 4222 1585 4320 naufiagorum

1003 4320 1184 4414 diripiunt.

632 4437 698 4515 llos
728 4436 951 4518 anathemate
997 4446 1155 4539 percellit
1193 4447 1394 4527 Concilium
1434 4462 1627 4524 romanum

644 4543 707 4622 lob
728 4545 888 4639 Gregorio
910 4541 994 4625 VH.
1017 4568 1114 4627 aneo
1139 4544 1370 4634 Pomfinrus
1390 4548 1479 4629 illius
1503 4542 1627 4725 {lrssoe
