4234 5350
613 513 685 604 De
697 507 822 626 ‚sexto
852 508 1058 626 Decalogi
1085 518 1306 630 praecepto&
1366 511 1485 634 ¹291¹

418 682 458 760 dr
476 682 559 759 mali
583 687 824 780 reperiantur,
846 685 1099 784 malorumque
1122 686 1378 766 condemnatio
1397 686 1473 768 laur

419 785 605 861 bonorum
623 784 664 862 srt
677 839 700 876 „
712 840 745 877 „.

471 889 505 956 S.
525 881 744 978 augustinus,
771 883 831 964 lin.
857 901 916 964 21.
944 888 999 958 Dr
1016 886 1167 958 civitate
1183 883 1278 974 Dei,
1302 909 1380 984 cap.
1413 905 1474 972 rr.
1505 963 1507 968 ,

418 1040 442 1079 ,,
461 1039 483 1076 „
507 981 622 1063 Porro
642 997 659 1076 t
677 987 787 1080 inquit
807 981 825 1081 )
845 985 870 1062 ir
895 986 1015 1064 aliena
1038 987 1179 1065 leminae
1210 986 1382 1104 osculum
1394 983 1476 1062 infi-

417 1106 507 1162 xum
539 1087 684 1161 rationis
716 1084 757 1162 lit
778 1088 921 1163 verbere
940 1089 1143 1168 vindicare,
1169 1111 1292 1164 noune
1311 1083 1474 1184 qutillud

419 1183 555 1283 pundo
572 1190 743 1284 temporis
758 1186 897 1272 iecerit.
922 1186 1189 1282 incomparabili
1209 1186 1378 1266 horarum
1398 1186 1477 1282 lpa-

423 1286 476 1362 tio
501 1285 722 1361 verberatur,
741 1287 777 1361 da
802 1285 947 1365 luavitas
969 1287 1164 1385 voluptatis
1183 1290 1322 1385 exiguae
1335 1287 1475 1364 diutur-

417 1408 470 1461 no
494 1387 622 1461 dolore
643 1390 790 1484 punitur
808 1443 829 1478 „
843 1385 892 1480 „i

467 1483 641 1564 Eamdem
669 1484 842 1584 Regulam
872 1485 1065 1564 confirmat
1094 1503 1190 1565 tetus
1217 1481 1470 1566 Poenitentiale

416 1579 627 1664 Romanum
654 1593 698 1662 ab
742 1590 886 1659 Armonio
922 1584 1100 1682 Augustino
1135 1586 1306 1666 editum.
1338 1589 1394 1663 tit·
1431 1601 1470 1678 3.

401 1707 498 1790 cup·
522 1704 584 1764 22.
607 1743 629 1778 „
646 1685 759 1782 „Qui
777 1709 839 1784 per
862 1688 1083 1768 illecebrosos
1102 1689 1288 1783 ampiexus
1311 1684 1474 1773 femina.

418 1787 475 1861 vel
497 1784 622 1862 osculo
640 1787 838 1883 polluitur,
862 1806 932 1866 tres
954 1790 1028 1865 dies
1049 1790 1234 1884 poeniteat·
1259 1785 1336 1882 Qui
1348 1787 1477 1883 tetige-

418 1889 468 1966 rit,
487 1888 728 1966 inverecunde
761 1909 905 1964 caruem
931 1888 1087 1986 ejuldem
1116 1886 1280 1966 lemine,
1300 1903 1378 1970 ¹tres
1400 1885 1476 1960 diet

417 1991 604 2083 poeniteat
633 1985 818 2090 Presbyter
840 1987 865 2062 li
892 1987 1070 2066 osculatus
1099 1988 1203 2066 fuerit
1227 2010 1290 2085 per
1318 1990 1478 2064 immun-

422 2087 511 2162 dum
530 2084 739 2163 deiiderium
760 2087 949 2176 feminam,
979 2091 1105 2166 decem
1132 2091 1205 2172 alies
1226 2091 1411 2187 poeniteat.
1439 2083 1478 2162 Sl

421 2187 627 2274 inquinatus
654 2186 760 2264 fuerit
778 2234 789 2267 ‚
809 2190 936 2285 viginti
962 2188 1035 2264 diet
1057 2191 1233 2285 poeuiteat
1246 2233 1318 2281 „„.

476 2287 521 2353 fir
541 2305 609 2376 rap.
629 2305 690 2376 27.
718 2343 739 2379 „
753 2342 775 2380 ,‚
800 2288 836 2363 Si
860 2292 939 2386 quis
959 2289 1207 2366 obtreitaverit
1236 2286 1386 2385 puellae,
1413 2297 1477 2362 aut

420 2383 575 2461 mulieris
591 2386 730 2481 petius,
752 2387 807 2463 vel
828 2388 1085 2486 turpitudinem
1111 2410 1257 2473 earum,
1280 2385 1477 2464 liClericue

421 2485 495 2570 eli,
515 2489 675 2582 quinque
694 2485 767 2562 dier
788 2492 960 2584 poeniteat
976 2512 988 2580 ;
1010 2486 1036 2563 sr
1061 2485 1185 2566 laicus
1202 2503 1297 2575 ,tres
1314 2485 1386 2562 dies
1399 2507 1483 2579 poe·

382 2629 387 2638 ·
419 2587 554 2662 niteat:
581 2586 813 2676 Monachus,
837 2589 892 2664 vel
915 2587 1086 2665 Sacerdos
1109 2612 1129 2666 a
1149 2586 1478 2663 minilleriodivino

417 2684 594 2783 suspensi,
623 2687 646 2763 fi
668 2691 801 2784 aliquid
825 2689 891 2766 tole
915 2690 1065 2766 iecerint
1083 2732 1093 2765 2
1114 2691 1242 2786 viginti
1268 2688 1341 2763 dies
1363 2684 1484 2783 preni-

421 2800 531 2865 teaut·
558 2785 737 2885 Scriptum
763 2790 811 2865 est
839 2791 959 2869 enim:
983 2787 1114 2887 Neque
1132 2790 1337 2885 tetigeritis,
1361 2806 1481 2887 nequa

424 2885 701 2966 obtrectaveritis
719 2891 977 2986 turpitudinem
997 2891 1209 2965 feminarum
1228 2942 1251 2978 ‚‚
1266 2943 1301 2978 „.

476 2984 694 3082 Suffragatur
724 2990 932 3075 astamus,
953 3010 987 3063 2.
1012 3010 1047 3067 a.
1074 2990 1193 3087 quaell.
1222 3006 1302 3081 144
1335 2997 1399 3063 art·
1439 3001 1479 3074 4.

422 3140 446 3178 „
463 3140 484 3176 ‚,
516 3086 638 3166 illinus
660 3089 708 3166 est
734 3087 894 3184 (inquit)
930 3089 1083 3183 alpetlus
1117 3088 1347 3170 libidinol'ur.
1372 3104 1482 3175 quam

422 3187 754 3286 nous,amp1exus
777 3234 787 3266 ‚
816 3190 869 3264 vel
893 3189 1054 3267 osculum
1073 3213 1086 3282 ;
1108 3187 1165 3263 led
1195 3186 1349 3282 aspertus
1367 3180 1484 3256 libidi-

420 3290 527 3363 uol'us
539 3287 589 3363 est
600 3307 788 3384 peccatum
800 3289 960 3369 mortale,
975 3289 1170 3367 secuudum
1183 3286 1283 3369 illud,
1296 3278 1429 3362 lllatth.
1447 3300 1483 3371 ς.

420 3384 502 3481 Qr‘
525 3391 652 3459 viderit
664 3389 831 3460 molieram
850 3395 890 3456 ad
906 3393 1186 3476 conrupij‘crndum
1199 3442 1211 3473 ,
1222 3386 1293 3478 jam
1308 3381 1483 3469 moriturus

421 3490 465 3568 eil
492 3490 528 3556 in
550 3492 747 3574 cordetuo:
780 3487 878 3586 Ergo
902 3489 1020 3566 multo
1050 3492 1162 3584 magis
1184 3485 1345 3564 ol'culum
1366 3479 1484 3559 libidi-

422 3586 624 3672 nosum&
650 3589 713 3667 alia
728 3589 954 3681 huiulmodi,
978 3591 1056 3667 lunt
1078 3604 1221 3687 peccata
1236 3582 1432 3672 mortalia„
1446 3626 1484 3673 „0

425 3683 601 3767 Observat
630 3688 758 3765 deinde
788 3702 822 3766 o.
847 3691 1011 3772 ihomas,
1036 3688 1169 3788 aliquid
1198 3688 1268 3765 dici
1293 3698 1485 3784 peccatum

424 3787 576 3867 mortale
599 3788 784 3887 dupliciter
803 3811 815 3879 3
841 3795 958 3886 primo
981 3789 1174 3867 secuudum
1197 3786 1346 3886 speciem
1361 3782 1481 3864 suam.

428 3888 465 3963 ἃ
479 3885 553 3963 hoc
576 3896 691 3967 modo
715 3893 897 3977 osculum,
919 3892 1124 3984 amplexus,
1142 3889 1179 3964 δι
1195 3886 1302 3963 tatius
1316 3906 1391 3960 nou
1407 3880 1487 3955 lunt

424 4007 571 4163 ¹peccatu
595 3992 757 4066 mortalia
781 4017 792 4085 ;
816 3991 1069 4086 poss'ontenim
1093 3990 1170 4066 haec
1192 3985 1319 4080 abique
1342 3982 1487 4057 libidine

451 4091 525 4169 eri,
544 4089 598 4163 vel
625 4112 773 4187 propter
793 4095 1087 4168 conluetudinem
1119 4092 1236 4186 patriae
1264 4085 1317 4160 vel
1339 4095 1489 4177 propter

428 4184 676 4274 mellarium,
697 4191 754 4269 l'eu
769 4191 962 4287 legitimam
978 4191 1127 4268 caulam.
1144 4188 1313 4266 Secundo
1328 4237 1338 4265 .
1354 4175 1488 4291 aliquid

430 4286 560 4367 dicitur
584 4306 770 4387 peccatum
797 4293 945 4367 mortale
972 4315 1018 4366 ex
1037 4291 1095 4365 l'ua
1118 4286 1239 4376 caula3
1269 4282 1315 4358 irc
1330 4280 1407 4364 ille,
1425 4301 1488 4372 qur

429 4389 492 4465 dot
513 4389 775 4494 eleemosynam
795 4393 928 4467 alicui,
958 4407 997 4467 ut
1020 4390 1120 4466 illum
1152 4383 1329 4482 pertrahat
1352 4379 1394 4455 ad
1417 4377 1490 4455 lte·

428 4487 533 4567 refim
555 4537 569 4577 ,
592 4491 790 4573 mortaliter
829 4507 953 4669 ρεεὶςι
982 4492 1032 4566 ob
1060 4510 1204 4584 pravam
1236 4485 1490 4653 intentiolnnem.
1560 4547 1562 4551 .

968 4607 988 4683 3
1429 4622 1443 4642 ο
