4234 5350
586 549 662 642 ne
689 545 838 667 qum,
866 540 1074 664 necnon
1093 557 1316 668 precepto,
1404 495 1484 657 12,

431 728 533 806 anim
556 693 703 840 piur'est
729 743 838 821 quam
857 719 915 798 iur
936 777 1005 813 ,,,,.
1034 720 1104 800 Sed
1121 736 1239 800 tamen
1258 720 1422 801 servanda
1437 724 1486 802 est
1497 701 1670 846 ss'iv'ffid‘*
1694 693 1696 700 Ι

431 826 639 905 moderabo
668 821 856 921 incuiparae
875 820 995 898 tutela
1017 876 1028 907 ‚
1049 836 1090 899 ut
1103 834 1201 900 mota
1222 823 1330 909 furis,
1349 839 1411 901 aut
1431 849 1483 904 ra·
1498 853 1662 921 moderatio

356 999 358 1004 ,
434 927 551 1027 proris
574 946 649 1000 non
669 920 894 1003 intendatur,
916 909 1017 1015 quod
1040 919 1139 1000 fieret
1155 921 1301 1000 ultiouis
1315 923 1481 1005 libidine,
1496 933 1654 1011 incutpnne
1765 973 1771 990 .

435 1025 493 1104 ied
517 1048 665 1106 rerum,
693 1044 773 1116 quae
798 1023 920 1114 magni
941 1020 1021 1098 suot
1041 1024 1246 1104 momenti,
1273 1018 1481 1111 necersaria,
1494 1008 1607 1084 W*

431 1123 593 1226 justaque
611 1118 792 1203 detento,
812 1121 848 1196 dt
875 1119 960 1196 furia
986 1121 1187 1219 compulsro
1206 1125 1242 1199 in
1265 1121 1387 1220 fugam
1401 1172 1412 1207 ,
1427 1122 1485 1201 vel

433 1240 530 1305 certe
551 1223 773 1306 debilitatio,
793 1235 855 1296 aut
875 1218 1069 1296 mutilatio,
1087 1245 1161 1297 non
1179 1244 1225 1299 ex
1246 1222 1335 1299 odio
1355 1223 1392 1299 dt
1421 1246 1500 1302 cu··

430 1326 587 1423 pidiratis
603 1322 709 1406 aestu,
728 1335 789 1397 aut
811 1316 984 1396 dessderio
1010 1319 1194 1408 vinditiae,
1214 1322 1271 1397 sed
1295 1335 1336 1399 ut
1360 1322 1488 1402 redda-
1642 1332 1644 1348 '

429 1442 488 1505 tur
511 1426 695 1518 impotens
716 1420 761 1495 ad
783 1422 963 1514 rapinam,
987 1420 1025 1496 de
1047 1420 1193 1498 furtum,
1226 1418 1334 1499 Unde
1356 1426 1488 1496 Mire.

429 1545 584 1614 ranymur
607 1525 644 1596 io
662 1542 740 1617 cap.
757 1537 789 1588 1.
807 1521 970 1612 Sopboriae
984 1517 1171 1611 Prophetae
1184 1522 1254 1597 ait:
1273 1576 1330 1613 „„
1357 1522 1395 1600 si
1408 1523 1489 1620 quir
1557 1517 1573 1606 ,’

382 1647 384 1657 ¹
429 1624 682 1703 fortitudinem
702 1622 866 1706 latronis,
881 1620 917 1694 dt
934 1634 1067 1719 pyratae
1081 1674 1090 1703 .
1104 1621 1140 1695 de
1154 1620 1239 1698 furis
1250 1618 1417 1717 diripiat,
1433 1626 1489 1700 iu·

430 1723 626 1820 firmosque
646 1744 710 1796 eos
725 1721 864 1804 reddat,
882 1719 1025 1815 prodest
1036 1703 1171 1797 inu'sua
1189 1719 1381 1797 infirmitat,
1413 1720 1489 1802 De·

429 1825 566 1904 bilitata
589 1824 684 1897 eninr
717 1822 902 1895 membra,
929 1820 1057 1912 quibus
1078 1823 1175 1915 prior
1198 1843 1274 1898 nou
1295 1825 1387 1899 bene
1408 1838 1487 1903 ute-

429 1929 583 2009 bantur,
607 1945 626 1995 a
648 1920 742 1996 maio
764 1941 875 2015 opere
897 1914 1163 2014 ceffabunt„„.

481 2024 582 2104 ldem
600 2019 791 2096 confirmat
807 2040 884 2115 cap.
905 2014 1126 2107 interfecisti,
1145 2017 1230 2102 Ext.
1258 2022 1313 2092 De
1338 2015 1490 2092 Harriri.

432 2125 519 2205 dio,
545 2121 645 2221 quod
673 2144 720 2195 ex
761 2114 1002 2195 Poenitentiaii
1034 2142 1189 2196 romano
1220 2117 1401 2219 sumptum
1425 2119 1487 2197 est,

431 2216 582 2303 Nullam
596 2223 689 2297 enim
705 2221 954 2313 poenitentiam
981 2240 1026 2294 ex
1047 2216 1245 2297 neceffitate
1267 2219 1489 2298 subeundam

430 2327 591 2497 biiii
610 2318 1492 2518 rituirrriuirrt‘urpiuri:

472 2448 511 2495 Μ
586 2463 596 2497 r
738 2465 749 2497 r
1400 2474 1411 2505 ‚

432 2523 596 2602 terfecit,
617 2518 719 2615 quod
740 2531 955 2614 argumento
971 2515 1020 2594 eii
1037 2518 1139 2597 illum
1156 2522 1201 2598 ab
1219 2515 1405 2597 homicidii
1423 2522 1493 2598 cri-

430 2616 892 2704 mineeiseimmunem«
1619 2657 1623 2662 ·
1712 2689 1715 2697 .

485 2723 523 2799 Si
545 2723 730 2819 quievero
749 2718 862 2795 iurem
880 2715 1047 2796 occidere
1065 2716 1245 2797 intendat,
1262 2733 1304 2797 ut
1317 2720 1413 2799 bona
1429 2716 1488 2799 sua
1503 2703 1567 2808 Qui
1591 2712 1702 2813 intem·

432 2823 567 2922 servet,
586 2835 647 2896 aut
672 2833 882 2916 recuperet,
900 2820 977 2894 imo
1001 2835 1041 2895 ut
1062 2817 1209 2914 seipsum
1232 2842 1251 2894 a
1274 2792 1639 2932 mortalibessffit‘
1760 2850 1762 2855 ¹

431 2940 511 3009 ret,
530 2917 715 2996 homicidii
736 2941 815 2996 reus
829 2916 895 3004 est,
913 2933 953 2994 ut
966 2917 1156 3014 respondet
1175 2925 1208 2989 s.
1221 2918 1383 3007 Thomas,
1405 2931 1484 2995 aa.
1498 2956 1532 3009 „t
1545 2964 1591 3007 η,
1603 2911 1687 3018 re'cp.

433 3048 497 3123 qu.
514 3018 574 3114 64
598 3044 646 3095 ar·
664 3036 701 3111 7·
723 3017 767 3092 ad
784 3021 961 3114 primum,
981 3025 1016 3092 S.
1031 3014 1166 3111 August.
1188 3019 1395 3097 testimonio
1418 3019 1484 3096 fre.
1498 3034 1599 3101 peret,
1614 3018 1666 3081 ver

359 3212 360 3215 ,
433 3138 493 3203 tus
516 3123 576 3197 lib.
591 3137 622 3188 1.
650 3114 819 3189 Delibero
839 3115 1014 3201 Arbitrio,
1030 3141 1108 3211 cap.
1125 3140 1156 3195 ι,
1174 3117 1231 3196 [ω
1249 3122 1368 3214 ponus
1396 3119 1486 3189 aa,
1500 3094 1681 3234 dtmsdddesdff

436 3226 488 3293 dii
509 3218 735 3318 disputantia,
750 3242 793 3292 an
811 3217 870 3292 lex
888 3217 996 3294 civilis
1017 3219 1104 3314 justa
1125 3217 1188 3304 sit,
1207 3240 1287 3315 quae
1311 3220 1486 3296 latronem
1500 3249 1602 3323 beret,
1621 3244 1682 3322 120,-

436 3325 566 3399 viatori
583 3325 656 3395 vim
685 3315 892 3393 inferentem
914 3372 923 3401 ‚
944 3317 998 3392 vet
1029 3318 1263 3416 stupratorem
1287 3317 1487 3397 violentum
1502 3324 1616 3389 nicidii

436 3425 630 3500 irruentem
658 3418 822 3492 occidere
856 3417 1054 3513 permittit:
1081 3472 1136 3510 „„
1173 3413 1291 3493 Potest
1318 3397 1641 3515 (roquirss‘missr
1772 3472 1774 3477 <

435 3523 489 3600 iili
512 3520 581 3616 iegi
602 3536 681 3615 quae
702 3518 919 3592 tuendorum
947 3515 1198 3617 civiumcausa
1226 3519 1299 3593 vim
1321 3519 1487 3599 bostium

433 3622 561 3700 eadem
582 3622 615 3693 vi
630 3616 750 3715 repelli
770 3618 890 3712 jubet,
914 3613 986 3691 fine
1006 3616 1150 3692 iibidioe
1169 3617 1430 3712 obtemperari,
1448 3623 1488 3700 dt

435 3724 487 3798 de
504 3719 672 3795 omnibus
695 3717 883 3800 ministris,
903 3719 966 3811 qui
987 3714 1084 3804 jure,
1103 3731 1212 3815 arque
1233 3716 1360 3794 ordine
1382 3737 1486 3817 pote-

434 3823 582 3899 statibus
605 3815 802 3913 quibusque
828 3813 967 3908 subjecti
983 3814 1082 3901 suot,
1111 3816 1148 3892 id
1168 3815 1239 3894 dici
1291 3821 1392 3896 otest.
1415 3821 1488 3899 Sed

433 3922 491 4000 uu
507 3917 671 3994 homines
686 3915 764 4011 iege
783 3915 959 4012 inculpata
973 3914 1165 4013 quomodo
1178 3841 1491 4018 incufpatiqueant

435 4018 532 4103 effe.
559 4040 634 4091 non
654 4014 783 4107 videm
797 4039 872 4089 non
896 4018 990 4090 enim
1014 4016 1073 4092 tex
1091 4037 1154 4092 eoa
1174 4020 1276 4114 cogit
1300 4017 1490 4113 occidere.

436 4121 497 4198 sed
511 4116 678 4214 relinquit
692 4119 727 4189 in
742 4115 925 4213 potestate·
951 4113 1120 4194 Liberum
1144 4117 1406 4216 eisitaqueest.
1428 4144 1493 4200 ne·

434 4223 572 4298 minem
587 4234 712 4292 necare
730 4240 797 4309 pro
818 4217 856 4290 iis
871 4219 974 4293 rebus
1012 4239 1098 4313 quas
1114 4219 1217 4293 inviti
1260 4213 1494 4301 offuoramir.

435 4340 513 4398 tere
530 4317 595 4401 ‚dr
621 4319 670 4391 ob
693 4314 766 4391 boc
798 4338 914 4391 amare
944 4339 1020 4390 non
1044 4316 1185 4392 debent
1264 4323 1370 4395 evita
1394 4326 1494 4400 enim

435 4415 581 4498 fortaffe
600 4417 755 4512 cuipiam
779 4413 821 4490 stt
840 4414 1013 4499 dubium,
1030 4432 1151 4492 utrum
1173 4418 1290 4495 anima
1310 4418 1413 4497 nulio
1429 4439 1494 4523 pa·
1604 4430 1607 4437 '

436 4520 497 4601 iio
516 4513 819 4617 absentandum
838 4513 911 4594 boc
925 4537 1058 4612 corpur
1070 4517 1302 4620 nterimtrura
1319 4517 1374 4595 fed
1398 4519 1495 4601 batr-

1356 4616 1441 4700 fetri
