4234 5350
675 517 781 616 176
841 499 1032 616 ,Tlreol
1059 499 1175 620 Dog.
1192 498 1409 597 &Moral
1427 500 1523 599 Lib.
1537 501 1615 596 lV.

671 684 750 759 rrius
778 678 910 757 malum
933 676 1120 757 incidatur.
1159 674 1314 753 Pertinet
1334 697 1424 771 ergo
1459 670 1504 780 ad
1529 674 1732 755 innocentie

673 775 835 874 officium
872 802 948 856 non
974 778 1088 857 tolum
1106 779 1237 855 nemini
1271 773 1407 851 malum
1437 771 1588 852 interm,
1605 799 1729 855 verum

672 887 781 956 etiam
798 877 966 955 cohibere
985 900 1005 954 a
1027 890 1177 971 peccato
1194 930 1206 962 ,
1222 874 1278 951 vel
1301 877 1428 969 punire
1453 890 1664 988 peccatum.
1690 892 1732 955 ut

671 997 735 1058 eut
761 977 929 1078 iple‚qui
962 978 1148 1072 plebitum
1168 979 1368 1072 corrigatur
1381 982 1649 1067 experimento,
1669 992 1732 1056 aut

671 1078 731 1159 elii
755 1095 951 1156 terreantur
973 1076 1144 1173 exemplo
1165 1127 1232 1168 Μ.

723 1175 826 1255 Idem
844 1176 1033 1255 confirmat
1057 1183 1091 1247 S.
1114 1173 1256 1250 Toumar
1278 1218 1289 1253 ‚
1314 1190 1349 1249 2.
1366 1187 1403 1247 2·
1427 1191 1488 1267 qu·
1512 1178 1570 1257 68·
1594 1188 1660 1256 art
1691 1192 1725 1254 1.

581 1266 584 1270 ’
671 1327 731 1372 ,‚,
751 1277 786 1354 Si
806 1278 939 1355 crimen
967 1276 1127 1371 (inquit)
1145 1273 1250 1355 luerit
1290 1275 1379 1357 tale.
1400 1274 1499 1368 quod
1531 1292 1655 1367 vergat
1686 1278 1725 1355 in

672 1381 929 1455 detrimentum
942 1378 1165 1474 reipublicae,
1183 1388 1322 1450 tenetur
1336 1371 1453 1476 bomo
1466 1370 1510 1448 ad
1529 1371 1727 1453 accusatio·

675 1499 790 1560 nem.
813 1476 1016 1555 dummodo
1043 1471 1252 1553 sufficienter
1275 1471 1380 1567 pollrr
1404 1483 1553 1565 probate
1583 1527 1595 1558 .
1622 1482 1724 1569 quod

672 1579 828 1674 pertinet
848 1577 893 1653 ad
917 1574 1077 1655 officium
1095 1575 1327 1657 acculatoris,
1349 1592 1434 1670 puta
1457 1618 1467 1648 ‚
1488 1594 1572 1647 cum
1600 1595 1726 1670 pecca.

673 1695 754 1752 turn
776 1674 922 1774 alicujus
943 1680 1057 1775 vergit
1071 1681 1106 1752 ln
1121 1673 1358 1753 multitudinis
1375 1670 1615 1782 corruptelam
1643 1697 1728 1751 cor.

674 1774 835 1871 porilem
861 1821 871 1854 2
894 1776 952 1853 seu
973 1775 1196 1876 spiritualem.
1223 1773 1259 1850 Si
1281 1793 1402 1849 autern
1424 1795 1501 1846 non
1524 1776 1628 1847 luerit
1656 1775 1726 1884 tale

673 1890 864 1971 peccatum
878 1931 889 1962 ,
902 1877 1002 1975 quod
1014 1879 1050 1953 in
1066 1875 1331 1954 multitudinem
1343 1871 1538 1956 redundet.
1550 1873 1604 1946 vel
1617 1881 1725 1952 etiam

673 1972 701 2050 li
717 1967 945 2052 sufficientem
963 1973 1214 2073 probationem
1226 1972 1393 2049 adhibere
1408 1992 1484 2047 non
1502 1968 1627 2065 pollrt,
1646 1996 1725 2052 nun

673 2088 816 2151 tenetur
836 2072 882 2152 ad
907 2074 1155 2153 intentandum
1172 2071 1432 2153 accusationem
1449 2097 1461 2165 ;
1476 2073 1559 2169 quia
1579 2070 1624 2147 ad
1647 2072 1722 2153 boc

665 2173 793 2349 'Rullus
807 2189 970 2256 tenetur,
997 2175 1099 2273 quod
1126 2198 1203 2254 non
1229 2173 1345 2269 potest
1372 2174 1496 2250 debito
1510 2173 1625 2249 modo
1643 2193 1722 2285 per·

705 2295 784 2349 cere
808 2329 831 2367 ,‚
867 2328 877 2349 .
1654 2368 1656 2372 Ι

727 2330 988 2451 Τείὶῐηῗοηίυω
1003 2396 1090 2452 vero
1107 2373 1196 2450 lerre
1211 2375 1247 2450 in
1261 2370 1359 2449 causa
1374 2372 1528 2447 criminis
1545 2392 1655 2452 nemo
1672 2386 1724 2452 te·

672 2487 802 2557 netur,
823 2474 885 2550 nili
913 2477 947 2548 in
960 2477 1014 2567 jus
1034 2493 1203 2559 vocatus,
1219 2477 1256 2548 δι
1271 2472 1476 2564 compuliut
1496 2495 1515 2547 a
1541 2474 1661 2567 judice
1674 2477 1724 2551 se·

674 2572 837 2649 cundum
864 2574 1028 2648 ordinem
1048 2576 1162 2667 imit,
1183 2573 1243 2651 ubl
1263 2570 1391 2647 scilicet
1416 2571 1462 2644 de
1482 2576 1631 2666 publicis
1654 2578 1723 2651 cri·

672 2673 829 2750 minibus
847 2672 992 2771 questio
1009 2673 1179 2760 habetur.
1193 2690 1255 2750 aut
1270 2673 1314 2747 de
1328 2668 1455 2767 quibus
1477 2669 1617 2748 infamia
1634 2696 1723 2768 prae.

515 2836 522 2852 .
671 2767 796 2862 cefflrr
815 2773 853 2851 dr
878 2772 1025 2869 qnando
1054 2795 1103 2850 ex
1122 2773 1198 2870 ejur
1224 2774 1383 2856 lilentio,
1399 2771 1462 2866 qui
1480 2771 1721 2852 tellimonium

659 2870 765 2947 'l'erre
790 2872 928 2967 potest,
954 2872 1178 2970 reipublice,
1193 2871 1374 2968 Principi.
1402 2885 1464 2948 aut
1490 2870 1594 2949 alicui
1611 2877 1721 2952 tertio

671 2991 781 3068 grave
811 2971 983 3048 damnum
1007 2987 1196 3051 crearetur.
1232 2972 1284 3050 lta
1311 2972 1422 3047 docet
1448 2979 1481 3041 ὅ.
1499 2971 1665 3049 raama.
1683 2992 1719 3053 2.

670 3090 710 3166 q.
726 3086 787 3162 70·
809 3085 873 3148 art.
897 3087 928 3142 ι.
964 3070 1078 3170 ldque
1102 3071 1291 3152 confirmat
1314 3075 1521 3142 rinocerotes
1539 3076 1609 3156 ΙΙΙ.
1641 3096 1721 3172 cap·

670 3167 860 3264 Qualiter,
881 3177 924 3244 (r
942 3166 1090 3265 quaeri,
1105 3175 1143 3249 o
1160 3196 1238 3274 cap.
1251 3167 1500 3269 lnqurfirlonrr,
1518 3171 1647 3263 Extra,
1664 3179 1722 3250 ve

668 3264 952 3356 accusationibus.

721 3369 898 3461 Quaedam
919 3388 1039 3449 antem
1053 3371 1210 3469 perlonae
1225 3376 1270 3453 ab
1288 3371 1528 3459 accusatione,
1546 3377 1583 3453 dr
1607 3376 1720 3465 leren-

664 3466 709 3544 di
734 3469 923 3547 testimonii
945 3472 1167 3568 obligatione
1189 3478 1227 3551 in
1249 3475 1358 3553 caulis
1379 3477 1535 3550 criminin
1557 3468 1718 3574 excepta

670 3564 775 3654 sunt,
794 3566 925 3646 scilicet
941 3571 1070 3649 Clerici
1086 3619 1096 3649 r
1114 3575 1177 3670 qui
1196 3586 1316 3652 tamen
1338 3571 1581 3671 proditiones,
1600 3580 1717 3655 crimi-

667 3688 716 3744 na
738 3666 821 3745 laesae
848 3666 1062 3764 Maiestatis,
1086 3672 1155 3749 &c
1185 3673 1392 3750 denuntiare
1414 3670 1582 3769 poliunt,
1601 3700 1643 3755 ac
1662 3695 1718 3755 te·

669 3784 801 3845 nentur
823 3767 991 3863 pramilla
1005 3774 1282 3861 contestatione,
1297 3771 1619 3867 quodellulionern
1641 3773 1718 3858 san·

668 3871 810 3965 guinis,
831 3866 889 3946 seu
905 3888 1085 3957 mortem,
1102 3887 1165 3949 aut
1188 3876 1447 3951 mutilationem
1469 3880 1539 3964 tei,
1558 3879 1613 3955 rel
1633 3901 1717 3974 poe·

668 3989 753 4043 nam
781 3965 988 4062 (utajunt)
1013 3968 1272 4049 deformantem
1294 3996 1370 4052 non
1389 3979 1585 4055 intendant·
1612 3971 1715 4069 lnro,

666 4066 864 4164 secundum
886 4069 1192 4164 jurilprudentiam
1214 4068 1401 4152 Gallorum
1423 4129 1434 4162 .
1457 4078 1502 4153 ad
1527 4078 1715 4158 ferendum

668 4166 913 4243 testimoninm
935 4172 970 4242 in
994 4167 1104 4245 causta
1122 4176 1228 4248 etiam
1251 4175 1490 4269 capitalibura
1511 4182 1715 4272 magistratu

667 4264 957 4357 compelluntur,
991 4270 1049 4345 ubi
1079 4277 1308 4365 probationes
1339 4277 1415 4352 aliae
1447 4274 1648 4363 deliciunt.
1674 4280 1713 4356 dr

650 4359 755 4473 ,boni
776 4364 909 4460 publici
929 4370 1069 4444 intereli
1092 4389 1106 4460 3
1126 4394 1238 4470 eaque
1264 4378 1299 4450 in
1324 4398 1363 4451 re
1384 4373 1606 4459 consuetudo
1628 4401 1715 4474 prae·

663 4459 792 4558 scripta
810 4465 1087 4558 juricornnuni
1106 4471 1304 4573 derogarit.
1325 4473 1497 4557 accnnre
1518 4480 1622 4553 eriam
1636 4501 1714 4559 nura

1536 4590 1662 4659 naen·
