4234 5350
667 525 757 618 aaa
842 507 1000 618 that
1028 511 1199 628 noan
1224 471 1375 608 orarit
1398 503 1493 606 rra.
1510 504 1591 605 ru·

668 686 766 767 sanit.
793 682 910 780 Quod
924 683 949 762 ll
963 688 1063 781 juxta
1076 684 1279 783 sapientiam
1294 678 1479 759 secularem
1497 724 1505 742 ·
1535 678 1725 761 saltationis

595 797 599 802 “
653 801 732 866 -aut
752 783 955 863 temulentia
980 788 1103 862 antioc
1124 785 1173 862 est
1189 838 1201 870 .
1215 784 1462 872 autumenria3
1480 780 1568 877 quid
1586 782 1744 863 divina..

668 909 750 964 tum
777 883 1037 976 scripturarum
1051 899 1195 962 cautum
1224 895 1391 974 nutarunt
1419 881 1592 977 exemplis
1609 936 1620 968 .
1638 905 1725 966 cnm

668 981 826 1085 Joannea
842 981 1062 1062 Praeountiuc
1076 982 1202 1064 Christi
1221 981 1396 1056 saltatricis
1413 983 1566 1073 optione
1579 981 1722 1079 jugula·

667 1103 750 1168 tus,
768 1084 937 1176 exemplo
954 1081 994 1160 srt
1008 1138 1018 1169 ‚
1030 1085 1109 1178 plus
1121 1077 1277 1160 nocuisse
1290 1080 1477 1156 saltationis
1499 1079 1721 1171 illecebram.

593 1187 599 1198 '
668 1206 778 1280 quam
806 1184 960 1278 sacrilegi
975 1181 1122 1272 ,suroris
1146 1185 1335 1257 amentiam
1359 1180 1443 1271 „„i
1464 1179 1507 1256 lit
1522 1204 1588 1278 cap
1617 1179 1643 1254 6
1675 1181 1723 1262 do

627 1315 631 1323 ·
667 1277 883 1363 Herodiadia
909 1283 976 1358 lilia
996 1283 1119 1360 coram
1145 1279 1293 1358 Herode
1314 1279 1456 1355 saltante
1471 1279 1518 1358 fic
1534 1277 1722 1380 loquitura

595 1432 597 1436 ’
668 1435 730 1560 bl
754 1377 1320 1577 lllltllttllllrllll
1335 1379 1724 1579 ballistis·

670 1583 720 1658 de
733 1582 887 1659 adultera
911 1581 1062 1667 discere,
1078 1580 1137 1656 nist
1163 1580 1333 1656 damnum
1350 1579 1521 1677 pudoris?
1539 1584 1592 1661 An
1616 1582 1722 1677 quid·
1782 1662 1784 1670 ,

673 1703 785 1778 quam
811 1681 859 1757 est
878 1696 951 1758 mm
976 1703 1133 1778 pronum
1152 1683 1195 1756 ad
1207 1680 1509 1773 libidines‚quam
1526 1681 1719 1759 inconditis

673 1784 832 1858 motibus
853 1804 913 1859 ea,
928 1803 1009 1875 quae
1027 1781 1084 1856 vel
1104 1797 1227 1857 natura
1248 1777 1433 1858 abscondit
1451 1835 1463 1867 ,
1483 1780 1539 1856 vel
1568 1780 1720 1877 discipli·

524 1941 527 1952 .
673 1881 900 1958 annulavit,
928 1884 1173 1957 membrorum
1198 1896 1322 1978 operta
1345 1877 1480 1957 nudare
1495 1879 1630 1958 oculis,
1657 1902 1720 1960 ro·

673 1990 749 2055 tare
765 1981 962 2064 cervicem,
988 2003 1132 2056 comam
1154 1977 1321 2077 spargere.
1352 1975 1489 2058 Merito
1510 1980 1641 2057 indein
1663 1983 1721 2057 in·

673 2078 802 2175 iuriam
832 2079 1019 2155 divinitatis
1040 2081 1255 2174 proceditur.
1296 2077 1397 2173 Quid
1423 2084 1519 2158 enim
1544 2081 1592 2156 ibi
1617 2102 1715 2157 vere·

673 2180 813 2255 cundiae
836 2177 952 2274 potest
964 2175 1051 2266 else,
1071 2183 1129 2256 ubr
1148 2178 1507 2277 ntmturntrapirm.
1522 2192 1717 2278 concrepa·

672 2279 776 2356 turi.
790 2333 828 2362 ..
857 2275 958 2372 Quid
979 2280 1103 2356 dicetie
1125 2301 1215 2365 voa.
1232 2280 1354 2358 ranna
1376 2279 1554 2362 seminaei
1577 2276 1717 2359 Videtis

670 2376 758 2473 quid
781 2379 933 2465 docere,
965 2381 1051 2475 quid
1082 2383 1187 2456 etiam
1224 2378 1401 2458 dedocere
1421 2380 1507 2460 filias
1533 2378 1716 2462 debeatis?

667 2475 797 2564 Saltat,
820 2478 877 2555 sed
900 2478 1158 2556 adulteraeiilia.
1182 2480 1278 2576 Quae
1298 2502 1386 2557 uero
1403 2482 1721 2578 pudica,quaeca·

664 2575 714 2654 sta
741 2578 824 2662 esi,
853 2576 940 2657 filiae
967 2578 1043 2657 suas
1070 2577 1280 2677 religionem
1298 2581 1537 2663 doceatmon
1562 2577 1714 2657 saltatio-

465 2720 468 2726 ·
665 2700 748 2755 nem
835 2731 844 2754 .

463 2762 587 2835 ΜΩ
602 2770 652 2846 a&
715 2733 1073 2858 cristianorum
1101 2776 1181 2874 ipsis
1197 2776 1328 2875 nuptiis
1357 2774 1511 2861 saltate,
1541 2772 1712 2879 Synodue

463 2848 631 2989 fflfffiiffi
667 2874 869 2957 Laodicena
895 2876 1080 2974 prohibuit
1102 2881 1190 2957 olim
1218 2878 1367 2957 canone
1391 2896 1449 2967 51·
1470 2869 1617 2948 Publicae
1639 2901 1713 2948 Μ·

466 3002 643 3065 innocentie
666 2982 783 3050 siarum
792 2977 985 3065 saltationes
997 3027 1006 3054 ‚
1019 2982 1155 3051 multam
1174 2999 1310 3062 noxam,
1324 2979 1525 3070 exitiumque
1541 2973 1712 3069 affirmare

463 3075 642 3160 parenteia,
669 3080 779 3158 vetuit
792 3079 996 3159 Concilium
1014 3077 1244 3163 Trullaoum,
1263 3074 1413 3154 Canone
1443 3085 1503 3152 62.
1526 3083 1557 3155 s.
1576 3077 1712 3151 Carolus

669 3183 869 3253 Burmannus
895 3203 970 3257 non
999 3177 1112 3257 solum
1138 3183 1174 3255 in
1195 3175 1362 3255 trauan
1383 3176 1546 3275 singulari
1570 3203 1616 3255 ex
1648 3178 1714 3259 Pa.

669 3294 785 3364 trum,
801 3277 1499 3359 &Conciliornmtestimoniircootexto
1516 3277 1713 3358 saltationea
1781 3288 1784 3295 '

669 3378 862 3457 christiana
885 3382 1097 3458 innocentie
1119 3375 1328 3478 periculosas
1349 3374 1416 3454 else
1438 3379 1568 3466 docet,
1594 3379 1650 3455 sed
1672 3381 1710 3458 ἀ

666 3480 703 3557 ln
717 3480 808 3557 libro
822 3481 1012 3552 Memoriali
1033 3474 1071 3556 P·
1092 3494 1126 3556 n.
1152 3501 1229 3579 cap.
1241 3487 1276 3552 6·
1300 3532 1357 3572 „,‚
1384 3476 1532 3554 Valeant
1549 3481 1711 3575 (anquiri

666 3579 873 3659 execranda
903 3579 969 3657 illae
996 3579 1216 3679 publicaeque
1238 3576 1442 3659 'saltationes
1465 3575 1711 3663 ,Christiano-

667 3701 748 3763 rum
772 3679 920 3759 casiitati
948 3679 1039 3759 adeo
1057 3679 1213 3758 exitiosae
1234 3727 1244 3759 ,
1264 3681 1420 3755 rixarum
1443 3731 1455 3765 ‚
1483 3677 1707 3775 jurgiorum,

664 3780 949 3857 inimicitiarum,
963 3778 1261 3876 inpudentiarum
1275 3832 1285 3863 ‚
1300 3795 1503 3876 pugnarum
1517 3833 1527 3866 ‚
1539 3779 1710 3858 caedium·

664 3901 736 3973 oue
756 3878 911 3964 radicea.
925 3878 962 3954 dt
977 3877 1199 3962 occasiones.
1215 3882 1290 3952 imo
1302 3877 1543 3973 cujuscunque
1562 3878 1709 3959 lasciviae

660 3978 850 4055 seminaria·
879 3975 979 4071 Quid
994 3978 1118 4073 plura?
1134 3976 1188 4055 Ex
1217 3978 1387 4070 ejusmodi
1404 3977 1599 4057 saltantium
1618 4003 1710 4057 con·

659 4074 773 4152 sortiis
797 4079 961 4153 oriuntur
985 4098 1182 4168 corporum
1204 4076 1331 4162 ‚samae
1352 4131 1364 4164 ,
1387 4100 1526 4156 rerum,
1552 4080 1589 4155 ἃ
1610 4078 1705 4155 chri·

659 4173 778 4252 sliunae
798 4178 952 4272 denique
972 4174 1120 4270 posthac
1134 4176 1323 4274 disciplinae
1338 4181 1560 4256 detrimenta·
1588 4175 1707 4254 Elimi-

656 4294 789 4351 nentur
801 4297 889 4373 ergo
918 4276 1059 4354 choreae
1070 4277 1129 4357 2&
1145 4300 1214 4354 nna
1226 4301 1309 4354 cum
1322 4276 1375 4354 his
1389 4296 1446 4354 tot
1461 4278 1534 4354 aliae
1555 4300 1704 4354 morum

656 4374 893 4472 corruptele.
919 4379 1046 4475 quibua
1069 4375 1142 4456 hoc
1164 4383 1320 4454 maxime
1344 4375 1705 4474 temporesoletsata.

655 4491 726 4549 mr*
741 4473 931 4559 bominum
956 4491 1093 4554 mentm
1119 4474 1574 4577 [calmeabilidem.
1599 4499 1704 4575 prot·
1778 4491 1784 4505 ”

654 4567 711 4650 ser
733 4575 952 4672 abrogentur
975 4626 1043 4670 „‚.
1547 4572 1651 4657 ldeoa
