4234 5350
661 533 744 640 rus
834 527 991 620 raros.
1005 525 1120 641 nug.
1146 521 1351 620 amaras
1374 525 1466 619 trs.
1497 527 1575 638 lv,

664 703 741 788 lieri
763 697 1029 797 compensatio,
1057 700 1170 802 qualis
1192 697 1357 799 poffibilis
1377 702 1450 785 est,
1472 701 1525 778 uel
1548 704 1583 779 in
1613 723 1722 801 pecu.

663 805 744 900 pia,
767 802 822 888 vel
845 801 1017 900 ineliquo
1040 800 1182 897 honore¹
1208 799 1426 886 considerata
1441 802 1651 896 conditione
1664 818 1720 890 uta

662 899 805 1001 iiusque
827 898 1010 1002 personae,
1031 901 1227 990 secundum
1248 903 1433 1001 arbitrium
1459 905 1545 990 leoni
1574 907 1636 979 viri
1659 956 1706 995 ,‚,

660 999 801 1098 (inquit
824 1008 857 1079 S.
872 999 987 1088 Tuom.
1000 1020 1032 1094 23.
1048 1019 1086 1094 2,
1111 1027 1145 1102 q·
1158 1014 1215 1090 629
1239 1017 1353 1096 artu·
1374 1003 1411 1078 in
1432 1001 1659 1100 responsione
1672 961 1720 1091 ael

662 1106 816 1201 primam
836 1094 1121 1198 objectionem.)
1149 1101 1322 1200 Idemque
1334 1101 1516 1206 colligitur
1535 1128 1582 1181 ex
1601 1112 1631 1183 a,
1648 1114 1722 1176 As·

658 1203 758 1294 selmo
780 1205 839 1288 lib.
860 1224 890 1276 1·
914 1207 984 1275 Cur
1006 1205 1100 1272 Deus
1121 1207 1236 1294 horno,
1255 1226 1331 1299 cap.
1346 1218 1402 1300 ll·
1424 1247 1447 1280 >a
1467 1260 1489 1296 „
1516 1203 1616 1284 Sicut
1639 1207 1719 1292 (iu.

660 1297 768 1396 ‘uiri
794 1304 855 1398 qui
880 1302 974 1394 tedis
998 1301 1142 1380 salutem
1159 1305 1324 1388 alterius,
1351 1325 1427 1391 nou
1449 1300 1597 1396 sufficit,
1624 1303 1647 1380 fi
1670 1295 1720 1382 la·

659 1325 776 1492 lucem
798 1403 975 1500 restituat.
994 1401 1057 1484 uisr
1081 1427 1148 1499 pro
1169 1389 1271 1480 illst!
1283 1404 1419 1483 doloris
1441 1405 1563 1499 injuria
1576 1429 1719 1489 recom-

659 1504 784 1604 penset
800 1502 932 1602 aliquid
948 1505 1020 1582 sita
1038 1509 1100 1678 spui
1125 1503 1305 1602 honorem
1322 1504 1469 1610 alicuius
1491 1505 1620 1589 violat,
1641 1528 1718 1596 oon

660 1601 788 1706 sufficit
808 1603 988 1692 bonorem
1005 1626 1043 1677 re
1070 1604 1177 1707 dere;
1194 1605 1218 1683 li
1233 1629 1309 1681 non
1332 1603 1525 1702 secundum
1549 1605 1718 1682 exhono-

659 1707 807 1788 rationis
831 1703 955 1782 farsam
985 1702 1202 1796 molestiam,
1220 1705 1352 1805 aliquid
1376 1705 1477 1801 quod
1501 1703 1716 1810 placearitti,

660 1827 771 1904 quem
786 1803 1049 1890 exhonoravit,
1075 1804 1231 1900 restituat
1253 1825 1281 1892 ,s
1298 1863 1330 1897 „.

711 1901 783 1981 Pro
800 1902 938 1988 damnis
965 1908 1072 1982 etiam
1092 1905 1240 1990 realibus
1266 1929 1313 2002 err
1339 1904 1485 1999 alicuius
1511 1904 1606 1982 crede
1623 1905 1717 2000 iniu-

660 2003 710 2108 ‚stt
723 2056 733 2082 .
746 2002 992 2098 mutilatione,
1005 2019 1068 2082 aut
1086 2005 1332 2092 vulneratione
1346 2003 1564 2092 consecutis,
1583 2027 1714 2100 nempe

660 2101 822 2200 expenlis
853 2101 948 2183 latiis
973 2108 1010 2181 in
1033 2105 1215 2193 medicos,
1239 2105 1343 2186 lucro
1371 2104 1543 2183 crisante,
1563 2102 1713 2191 damnis·

659 2225 734 2303 que
768 2207 902 2294 caeteris
934 2208 1224 2302 emergentibus,
1249 2206 1422 2293 restitutio
1456 2203 1717 2283 neceffarto'ta

656 2303 784 2394 cienda
804 2302 875 2395 eil;
891 2307 1031 2398 ratione
1056 2306 1203 2404 quidem
1222 2305 1426 2394 homicidii,
1448 2305 1634 2388 heredibus
1652 2307 1716 2381 de·

655 2401 792 2494 leutii,
812 2407 874 2502 qui
897 2428 917 2482 a
944 2405 1157 2484 testamento
1183 2407 1304 2505 repelli
1329 2431 1405 2484 non
1428 2403 1573 2505 poliunt
1598 2405 1716 2507 ‚scili-

655 2519 718 2588 cet
738 2503 837 2596 filiis,
857 2507 1080 2600 parentibus,
1098 2511 1229 2602 urori3
1248 2510 1377 2606 quibus
1397 2505 1584 2598 alimenta,
1602 2507 1638 2579 ἀ
1661 2503 1715 2590 su·

653 2603 905 2682 [tentationem
926 2602 1132 2705 honestam,
1152 2607 1301 2709 spectata
1316 2607 1459 2686 illorum
1481 2605 1712 2690 conditione,

653 2702 763 2793 debet
784 2703 1018 2800 interfector,
1044 2706 1293 2787 sstnterfettus
1323 2708 1359 2787 id
1378 2706 1459 2805 ipis
1484 2720 1559 2781 erat
1581 2705 1712 2804 praestt-

652 2816 777 2895 turus‚
806 2806 1711 2907 necnoncompensationemdamnorumomnium

653 2926 702 2987 ex
721 2919 840 2983 morte
860 2903 948 2983 illius
973 2913 1268 3005 emergentium.
1296 2930 1342 2990 ex
1368 2906 1588 3006 prudentum
1620 2904 1713 2988 arbi·

651 3007 736 3083 trio·
762 3002 1056 3103 Rationebutem
1080 3010 1331 3099 mutilationis,
1352 3025 1412 3089 aut
1425 3008 1539 3105 gravis
1561 3002 1710 3081 laedonis

650 3106 827 3184 restitutio
858 3104 930 3182 fieri
953 3106 1059 3185 debet
1073 3109 1146 3184 ilii,
1170 3112 1232 3206 qui
1260 3108 1475 3199 mutilatus,
1503 3124 1564 3182 aut
1588 3106 1711 3181 vulne·

649 3221 746 3283 tatus
773 3206 849 3293 est,
870 3223 932 3283 aut
951 3208 1086 3306 alioqui
1112 3209 1186 3298 elus
1211 3207 1399 3292 heredibus
1432 3201 1645 3291 neceffrriis,
1668 3228 1711 3283 ac

649 3304 847 3402 legitimis,
868 3307 1084 3390 damnorum
1105 3311 1274 3386 omnium
1293 3312 1575 3405 emergentium,
1594 3305 1631 3390 rr
1651 3319 1713 3380 to-

649 3408 720 3491 tius
744 3407 830 3486 lucri
856 3403 1087 3498 ceffrntis3fi
1116 3411 1214 3505 quis,
1245 3433 1280 3509 v,
1296 3432 1333 3503 g.
1355 3407 1540 3489 brachium
1566 3402 1710 3481 abscidit

639 3506 796 3592 .·artifici,
832 3506 938 3585 debet
970 3507 1018 3583 ilii
1048 3507 1229 3585 restituere
1254 3498 1430 3607 quidquid
1462 3503 1612 3582 artificio
1645 3505 1709 3585 luo

646 3606 908 3691 lucratuseilet·
938 3606 1053 3703 Qrod
1067 3609 1227 3695 virorum
1241 3606 1461 3705 prudentum
1473 3605 1709 3703 judicinaesti·

648 3709 822 3791 mundum
841 3708 910 3797 est,
927 3712 1077 3802 speum
1098 3723 1221 3796 aetate,
1240 3706 1465 3797 ualetudine,
1486 3708 1635 3784 viribus·
1652 3709 1708 3785 in·

647 3802 798 3893 dustria,
825 3808 1077 3903 incertitudine
1103 3810 1183 3905 vitas
1202 3863 1212 3895 ‚
1234 3830 1453 3906 operarum,
1485 3825 1546 3884 aut
1566 3804 1711 3887 condu-

647 3908 772 3987 dionis
796 3908 894 4001 ejus,
919 3911 981 4007 qui
1000 3908 1136 3989 occisus
1154 3957 1164 3990 ,
1184 3923 1246 3985 aut
1265 3907 1447 4005 mutilatus
1462 3907 1510 3984 est
1529 3955 1539 3982 2
1559 3931 1605 3982 ex
1628 3907 1711 4003 qui·

645 4007 873 4089 busiumum
894 4013 1015 4111 augeri
1045 4011 1250 4105 contingit,
1278 4009 1333 4085 rel
1358 4012 1483 4088 minui.
1522 4006 1622 4084 Nihil
1644 4030 1710 4087 au·

645 4118 720 4193 tem
743 4105 875 4184 restitui
900 4106 1091 4191 necellario
1117 4107 1224 4186 debet
1245 4112 1383 4187 ratione
1411 4108 1518 4191 soiius
1538 4107 1709 4183 deformi·

624 4206 753 4301 tatis.
779 4222 841 4285 aut
864 4208 1095 4290 cicatricum,
1114 4231 1181 4284 nec
1202 4212 1340 4294 ratione
1363 4209 1483 4296 damni
1512 4230 1559 4292 ex
1589 4205 1709 4280 deror.

643 4309 769 4397 mirate
803 4306 984 4399 consecuti
1032 4307 1207 4388 restitutio
1247 4308 1437 4392 uccellano
1459 4306 1701 4398 faciendaest3

644 4402 692 4489 ss,
716 4431 749 4481 v·
768 4430 806 4505 g.
829 4404 1034 4488 deformitas
1057 4415 1095 4490 in
1120 4411 1245 4507 puelle
1269 4410 1370 4501 vultu
1391 4431 1534 4484 manens
1561 4427 1608 4481 ex
1627 4430 1705 4480 ver-

546 4550 551 4559 ·
644 4506 813 4653 btflbltr
831 4508 868 4607 ἃ
887 4509 1250 4626 rubere-impediat,
1277 4535 1326 4608 ne.
1341 4514 1390 4607 its
1410 4507 1634 4701 ronnodpo·
1662 4507 1706 4616 ,ts
