4234 5350
621 531 696 627 De
719 532 866 653 quinto
888 528 1099 649 Decalogi
1128 542 1354 653 praeapte:
1439 539 1525 648 ποτ’

424 753 427 758 -
467 707 532 787 'lua
558 709 721 802 praemia.
743 708 781 782 dr
813 704 978 802 promilla
1008 710 1211 785 venientem
1237 722 1453 789 removeat,
1482 712 1524 788 dr

472 806 668 885 excludat?
688 803 879 901 lncrepans
908 811 1032 904 vigore
1057 808 1239 895 Censoris,
1260 810 1296 884 &
1318 810 1444 903 judicis
1469 810 1525 886 di·

417 955 435 998 .
473 925 557 984 cat:
584 903 689 1000 Opus
715 905 790 983 huc
806 929 927 981 meum
952 931 1030 982 non
1050 911 1121 991 eli,
1139 931 1205 985 nec
1227 911 1348 1005 imago
1369 908 1525 985 hareno-

472 1008 541 1085 llra
568 1007 642 1091 est,
665 1022 784 1083 cutem
812 1006 896 1081 falso
927 1008 1160 1085 medicamine
1185 1010 1365 1107 polluisti,
1389 1013 1525 1087 crinem

475 1106 636 1185 adultero
658 1106 782 1182 colore
797 1107 958 1192 mutasti,
975 1124 1180 1205 expugnata
1201 1109 1251 1184 est
1269 1108 1457 1185 mendacio
1473 1108 1525 1185 fa·

475 1211 571 1284 cite,
594 1204 706 1300 figura
720 1223 888 1303 corrupta
913 1208 1117 1287 estavultus
1136 1208 1268 1285 alienus
1292 1207 1374 1295 est,
1403 1207 1526 1287 Deum

476 1307 595 1384 ridere
614 1329 690 1381 non
710 1309 843 1402 poterit
855 1352 863 1376 ›
876 1308 1021 1401 quando
1034 1308 1129 1385 oculi
1145 1310 1208 1385 tibi
1225 1331 1300 1383 non
1313 1308 1410 1391 lunt,
1431 1330 1527 1403 quot

474 1403 576 1487 Deus
596 1405 702 1491 ferit,
719 1406 775 1479 sed
789 1428 882 1501 quoa
897 1408 1058 1485 diabolus
1079 1407 1208 1484 infecit
1236 1405 1340 1484 lllum
1356 1427 1394 1483 tu
1406 1406 1528 1485 settara

472 1527 532 1594 ea,
551 1505 678 1583 rutilos
697 1552 709 1587 ‚
731 1521 839 1602 atque
869 1506 1029 1603 depidios
1059 1508 1186 1585 oculos
1208 1507 1375 1603 serpentis
1394 1509 1531 1585 imitata

475 1631 533 1782 ers,
555 1607 603 1682 de
631 1606 780 1682 inimico
803 1621 870 1682 tuo
902 1625 1079 1705 compta,
1101 1630 1185 1687 cum
1216 1608 1280 1684 illo
1312 1611 1468 1705 pariter,
1492 1607 1533 1684 dt

471 1726 510 1784 tt
526 1728 684 1796 ulium·

523 1794 686 1901 Legendi
714 1804 749 1879 ln
770 1804 932 1882 eamdem
955 1803 1161 1888 senteutiam
1186 1802 1332 1875 clemens
1361 1807 1528 1891 Alexand.

472 1903 534 1982 lib.
550 1924 584 1994 3·
602 1907 766 1997 Padagogi
791 1927 871 2002 cap.
899 1922 930 1979 2.
959 1921 994 1996 3.
1019 1907 1056 1981 dr
1082 1928 1137 1979 11.
1161 1910 1194 1975 S.
1210 1907 1310 1999 Greg.
1337 1908 1528 1988 Namare.

474 2002 585 2085 Orat·
600 2004 645 2079 de
659 1999 836 2082 Laudibus
851 2008 1021 2097 Gorgona
1049 2004 1201 2091 sororis,
1227 2009 1259 2076 S.
1288 2001 1437 2092 Ambrol.
1463 2007 1527 2091 lib.

476 2127 513 2178 r.
527 2111 582 2178 De
594 2101 806 2197 Virginibus.
819 2127 894 2200 cap.
906 2104 943 2185 6.
963 2106 1023 2182 ubi
1040 2102 1230 2201 nequidem
1242 2103 1410 2183 fucorum
1425 2107 1527 2184 ulum

477 2204 617 2282 licitum
630 2202 698 2280 elle
711 2204 849 2280 feminis
860 2207 980 2289 docet,
993 2206 1173 2282 utmaritis
1184 2203 1413 2301 placeant„
1427 2204 1527 2286 Hine

478 2305 536 2382 illa
552 2311 570 2395 l
584 2304 719 2398 inquit)
734 2304 922 2383 nascuntur
942 2306 1117 2381 incentiva
1141 2307 1337 2392 vitiorum.
1365 2323 1406 2382 ut
1430 2329 1526 2404 quae·

478 2401 550 2482 litis
570 2406 750 2481 coloribus
778 2428 840 2481 ora
871 2405 1067 2500 depingant
1088 2446 1098 2477 r
1123 2403 1211 2480 dum
1233 2407 1314 2480 uiris
1347 2405 1528 2503 displicere

479 2505 749 2585 formidarem&
771 2504 817 2580 de
837 2504 1012 2580 adulterio
1038 2501 1155 2581 vultus
1184 2503 1401 2583 meditantur
1427 2505 1530 2583 adul-

479 2607 608 2684 terium
630 2605 805 2682 castitatis.
834 2602 980 2698 Quanta
1002 2602 1060 2681 lrie
1080 2607 1252 2690 amentia,
1269 2600 1423 2701 effigiem
1447 2630 1529 2685 mu·

478 2719 553 2783 tare
566 2721 698 2782 naturae
714 2753 723 2784 ‚
738 2704 909 2801 pit'luram
922 2726 1078 2801 quaerere
1089 2760 1099 2790 .
1110 2708 1145 2779 δι
1162 2703 1249 2781 durn
1264 2722 1429 2783 verentur
1454 2728 1528 2783 ma·

479 2806 580 2883 ritale
591 2805 949 2898 judicium‚prodere
963 2802 1202 2897 luurnil'rior
1218 2806 1312 2880 enirn
1330 2806 1375 2881 de
1397 2807 1429 2882 le
1442 2830 1528 2902 pro·

475 2909 631 2988 nuntiat,
646 2907 836 3001 quaecupit
852 2920 998 2989 mutare,
1011 2905 1112 3001 quod
1133 2904 1279 2981 nataell.
1309 2904 1362 2981 lta
1375 2906 1529 2983 dunralii
1629 2922 1643 2957 ¹

481 3004 598 3082 lludet
611 3005 768 3103 placere,
780 3006 874 3100 prius
889 3002 1027 3099 sibiipsa
1040 3004 1206 3101 displicet·
1222 3004 1343 3098 Quem
1355 3007 1529 3097 judicem,

482 3105 631 3192 mulier,
650 3107 821 3181 veriorem
843 3106 1051 3194 requirimus
1067 3105 1298 3180 deformitatis
1313 3123 1381 3181 tuae
1395 3152 1405 3186 r
1421 3127 1530 3198 quam

481 3203 650 3301 teipsam,
669 3226 748 3301 quae
771 3205 879 3278 videri
904 3205 1034 3277 times?
1050 3206 1083 3279 Si
1099 3203 1245 3299 pulrlrra'
1271 3229 1334 3288 es.
1356 3207 1441 3291 quid
1468 3209 1530 3280 ab·

479 3305 686 3383 frondetis?
704 3304 738 3380 Si
763 3301 957 3378 deformis?
977 3328 1041 3380 cut
1067 3320 1102 3380 te
1124 3304 1315 3379 formulam
1343 3302 1411 3378 elle
1429 3327 1532 3378 meu-

482 3407 658 3486 tiris‚nec
681 3423 750 3481 tuae
783 3403 1007 3479 conscientia
1025 3449 1033 3479 2
1051 3426 1118 3478 nee
1142 3402 1241 3477 alieni
1265 3407 1411 3498 gratiam
1433 3426 1532 3477 erro.

481 3507 529 3581 ris
553 3503 741 3581 habitura?
761 3503 820 3578 llle
846 3508 939 3577 eninr
960 3503 1102 3579 alteram
1128 3503 1274 3597 diligit,
1302 3522 1341 3579 tu
1359 3501 1455 3579 alteri
1479 3510 1531 3581 ris

481 3607 634 3702 placere.
666 3603 710 3681 Et
725 3605 872 3679 irasceris
885 3652 894 3683 ‚
907 3602 928 3676 fi
942 3619 1035 3680 amet
1059 3604 1159 3679 aliam
1174 3625 1184 3679 ς
1197 3604 1258 3698 qui
1284 3605 1478 3680 adulterare
1493 3608 1532 3681 in

483 3721 523 3782 te
542 3703 830 3781 doceturilllala
854 3703 1014 3796 magistra
1039 3727 1075 3778 es
1113 3705 1246 3796 injuriat
1269 3719 1347 3779 tuae.
1379 3700 1532 3779 lenoci-

482 3806 560 3882 nari
584 3809 677 3879 enirn
702 3804 854 3897 refugit.
872 3806 975 3878 etiam
1004 3827 1085 3898 quae
1109 3799 1198 3899 palla
1219 3802 1387 3878 lenonem
1409 3803 1533 3884 est‚ao

482 3903 569 3980 licet
590 3905 664 3979 vilia
688 3903 834 3989 mulier,
855 3925 929 3976 non
943 3904 1039 3979 alteri
1060 3920 1178 3979 tamen
1192 3900 1270 3978 ‚led
1295 3904 1355 3978 libi
1378 3919 1532 3997 pecuat;

483 4004 795 4101 tolerabilioraque
814 4003 1081 4100 propemodum
1096 4005 1130 4077 in
1143 4000 1254 4078 altero
1268 4005 1414 4077 crimina
1432 4002 1533 4080 lunt,

483 4104 533 4181 ibi
553 4106 648 4179 enim
667 4103 855 4198 pudicitia.
872 4101 931 4176 lric
953 4121 1077 4181 natura
1100 4103 1315 4178 adulteratur
1338 4143 1363 4187 2,
1381 4148 1415 4187 ·‚.

535 4200 630 4280 rlnte
655 4210 686 4278 S.
704 4199 850 4287 Andros,
869 4202 1030 4278 eamdem
1052 4203 1324 4297 conjugatarum
1343 4203 1530 4278 mulierum
1546 4213 1645 4281 Inani:
1667 4237 1731 4282 mu·

482 4303 753 4382 excusationem
777 4301 874 4379 velut
890 4304 1029 4377 inanem
1048 4302 1214 4396 rejecerat
1231 4307 1263 4369 S.
1278 4306 1429 4393 cyprian,
1443 4302 1530 4376 lnco
1546 4292 1731 4381 lierum‚quae

480 4406 588 4499 l'upra
606 4402 760 4480 laudato·
784 4451 840 4488 ,ω
867 4398 1032 4478 Viderint
1048 4400 1064 4490 l
1079 4405 1187 4492 inquit
1201 4397 1311 4495 )quid
1331 4401 1390 4477 sibl
1410 4415 1529 4492 nuptae
1543 4367 1733 4511 fflfweffisss

480 4524 548 4601 per
574 4503 736 4599 placendi
756 4502 909 4583 studium
924 4501 968 4579 de
982 4502 1185 4598 conjugum
1201 4498 1325 4582 solatio
1348 4503 1512 4581 blannaan
1542 4489 1600 4588 rto]

536 4600 635 4677 Tmo
657 4605 732 4675 IX·
1000 4597 1039 4679 Ο
1196 4690 1200 4697 “
1400 4616 1482 4686 tuf,
