<?xml version="1.0" encoding="UTF-8"?>
<!DOCTYPE html PUBLIC "-//W3C//DTD XHTML 1.0 Transitional//EN"
    "http://www.w3.org/TR/xhtml1/DTD/xhtml1-transitional.dtd">
<html xmlns="http://www.w3.org/1999/xhtml" xml:lang="en" lang="en">
 <head>
  <title>
</title>
<meta http-equiv="Content-Type" content="text/html;charset=utf-8" />
  <meta name='ocr-system' content='tesseract 3.04.00' />
  <meta name='ocr-capabilities' content='ocr_page ocr_carea ocr_par ocr_line ocrx_word'/>
</head>
<body>
  <div class='ocr_page' id='page_1' title='image "./theologiadogmat07alexgoog_0118.png"; bbox 0 0 4234 5350; ppageno 0'>
   <div class='ocr_carea' id='block_1_1' title="bbox 542 540 1449 665">
    <p class='ocr_par' dir='ltr' id='par_1_1' title="bbox 542 540 1449 665">
     <span class='ocr_line' id='line_1_1' title="bbox 542 540 1449 665; baseline -0.002 -28"><span class='ocrx_word' id='word_1_1' title='bbox 542 545 613 637; x_wconf 88' lang='lat' dir='ltr'><strong>De</strong></span> <span class='ocrx_word' id='word_1_2' title='bbox 637 549 786 664; x_wconf 84' lang='lat' dir='ltr'><strong>quinto</strong></span> <span class='ocrx_word' id='word_1_3' title='bbox 813 540 1018 662; x_wconf 84' lang='lat' dir='ltr'><strong>Decalogi</strong></span> <span class='ocrx_word' id='word_1_4' title='bbox 1049 560 1270 665; x_wconf 74' lang='lat' dir='ltr'><strong>praecepto.</strong></span> <span class='ocrx_word' id='word_1_5' title='bbox 1367 569 1449 654; x_wconf 70' lang='lat'><strong>115</strong></span> 
     </span>
    </p>
   </div>
   <div class='ocr_carea' id='block_1_2' title="bbox 390 714 1457 1116">
    <p class='ocr_par' dir='ltr' id='par_1_2' title="bbox 390 714 1457 1116">
     <span class='ocr_line' id='line_1_2' title="bbox 392 714 1453 805; baseline 0.003 -9"><span class='ocrx_word' id='word_1_6' title='bbox 392 714 618 798; x_wconf 79' lang='lat' dir='ltr'><strong>&amp;Ducibus</strong></span> <span class='ocrx_word' id='word_1_7' title='bbox 641 719 685 797; x_wconf 84' lang='lat' dir='ltr'><strong>ab</strong></span> <span class='ocrx_word' id='word_1_8' title='bbox 714 740 759 795; x_wconf 86' lang='lat' dir='ltr'><strong>eo</strong></span> <span class='ocrx_word' id='word_1_9' title='bbox 775 718 993 805; x_wconf 87' lang='lat' dir='ltr'><strong>constitutis,</strong></span> <span class='ocrx_word' id='word_1_10' title='bbox 1015 721 1120 795; x_wconf 88' lang='lat' dir='ltr'><strong>etiam</strong></span> <span class='ocrx_word' id='word_1_11' title='bbox 1144 719 1167 794; x_wconf 89' lang='lat' dir='ltr'><strong>li</strong></span> <span class='ocrx_word' id='word_1_12' title='bbox 1189 719 1296 796; x_wconf 86' lang='lat' dir='ltr'><strong>dubia</strong></span> <span class='ocrx_word' id='word_1_13' title='bbox 1319 717 1386 795; x_wconf 82' lang='lat' dir='ltr'><strong>illio</strong></span> <span class='ocrx_word' id='word_1_14' title='bbox 1409 717 1453 799; x_wconf 85' lang='lat' dir='ltr'><strong>ut</strong></span> 
     </span>
     <span class='ocr_line' id='line_1_3' title="bbox 392 819 1455 914; baseline -0.004 -17"><span class='ocrx_word' id='word_1_15' title='bbox 392 819 478 897; x_wconf 83' lang='lat' dir='ltr'><strong>belli</strong></span> <span class='ocrx_word' id='word_1_16' title='bbox 489 819 617 913; x_wconf 86' lang='lat' dir='ltr'><strong>justitia</strong></span> <span class='ocrx_word' id='word_1_17' title='bbox 634 841 646 909; x_wconf 91' lang='grc'><strong>;</strong></span> <span class='ocrx_word' id='word_1_18' title='bbox 667 819 763 908; x_wconf 89' lang='lat' dir='ltr'><strong>utS·</strong></span> <span class='ocrx_word' id='word_1_19' title='bbox 775 819 923 914; x_wconf 80' lang='lat' dir='ltr'><strong>August·</strong></span> <span class='ocrx_word' id='word_1_20' title='bbox 940 820 1048 896; x_wconf 90' lang='lat' dir='ltr'><strong>docet</strong></span> <span class='ocrx_word' id='word_1_21' title='bbox 1070 819 1201 896; x_wconf 73' lang='lat' dir='ltr'><strong>lih022.</strong></span> <span class='ocrx_word' id='word_1_22' title='bbox 1227 825 1349 889; x_wconf 77' lang='lat' dir='ltr'><strong>Contra</strong></span> <span class='ocrx_word' id='word_1_23' title='bbox 1364 821 1455 888; x_wconf 78' lang='lat' dir='ltr'><strong>Fan.</strong></span> 
     </span>
     <span class='ocr_line' id='line_1_4' title="bbox 390 911 1454 1013; baseline 0.003 -22"><span class='ocrx_word' id='word_1_24' title='bbox 390 919 478 1002; x_wconf 70' lang='lat' dir='ltr'><strong>rim</strong></span> <span class='ocrx_word' id='word_1_25' title='bbox 505 941 581 1013; x_wconf 86' lang='lat' dir='ltr'><strong>cap.</strong></span> <span class='ocrx_word' id='word_1_26' title='bbox 602 939 662 1007; x_wconf 83' lang='lat'><strong>75.</strong></span> <span class='ocrx_word' id='word_1_27' title='bbox 694 973 717 1009; x_wconf 83' lang='lat'>„</span> <span class='ocrx_word' id='word_1_28' title='bbox 735 973 757 1009; x_wconf 84' lang='lat'>„</span> <span class='ocrx_word' id='word_1_29' title='bbox 785 917 880 996; x_wconf 90' lang='lat' dir='ltr'><strong>Cum</strong></span> <span class='ocrx_word' id='word_1_30' title='bbox 907 922 958 994; x_wconf 89' lang='lat' dir='ltr'><strong>vir</strong></span> <span class='ocrx_word' id='word_1_31' title='bbox 978 918 1087 1012; x_wconf 84' lang='lat' dir='ltr'><strong>justus</strong></span> <span class='ocrx_word' id='word_1_32' title='bbox 1120 911 1285 1012; x_wconf 80' lang='lat' dir='ltr'><strong>(anquir)</strong></span> <span class='ocrx_word' id='word_1_33' title='bbox 1314 917 1454 995; x_wconf 86' lang='lat' dir='ltr'><strong>srforte</strong></span> 
     </span>
     <span class='ocr_line' id='line_1_5' title="bbox 392 1016 1457 1116; baseline -0.001 -18"><span class='ocrx_word' id='word_1_34' title='bbox 392 1019 457 1098; x_wconf 82' lang='lat' dir='ltr'><strong>[ub</strong></span> <span class='ocrx_word' id='word_1_35' title='bbox 474 1016 575 1112; x_wconf 85' lang='lat' dir='ltr'>Rege</span> <span class='ocrx_word' id='word_1_36' title='bbox 588 1017 738 1096; x_wconf 87' lang='lat' dir='ltr'><strong>homine</strong></span> <span class='ocrx_word' id='word_1_37' title='bbox 764 1023 871 1095; x_wconf 85' lang='lat' dir='ltr'><strong>etiam</strong></span> <span class='ocrx_word' id='word_1_38' title='bbox 898 1016 1066 1113; x_wconf 73' lang='lat' dir='ltr'><strong>sacrilego</strong></span> <span class='ocrx_word' id='word_1_39' title='bbox 1091 1018 1242 1101; x_wconf 87' lang='lat' dir='ltr'><strong>militet.</strong></span> <span class='ocrx_word' id='word_1_40' title='bbox 1258 1019 1351 1096; x_wconf 78' lang='lat' dir='ltr'><strong>teile</strong></span> <span class='ocrx_word' id='word_1_41' title='bbox 1372 1017 1457 1116; x_wconf 88' lang='lat' dir='ltr'><strong>pos·</strong></span> 
     </span>
    </p>
   </div>
   <div class='ocr_carea' id='block_1_3' title="bbox 392 1117 1623 4516">
    <p class='ocr_par' dir='ltr' id='par_1_3' title="bbox 395 1117 1454 1214">
     <span class='ocr_line' id='line_1_6' title="bbox 395 1117 1454 1214; baseline -0.004 -16"><span class='ocrx_word' id='word_1_42' title='bbox 395 1119 439 1198; x_wconf 86' lang='lat' dir='ltr'><strong>fit</strong></span> <span class='ocrx_word' id='word_1_43' title='bbox 458 1120 519 1198; x_wconf 90' lang='lat' dir='ltr'><strong>illo</strong></span> <span class='ocrx_word' id='word_1_44' title='bbox 533 1118 681 1214; x_wconf 86' lang='lat' dir='ltr'><strong>jubente</strong></span> <span class='ocrx_word' id='word_1_45' title='bbox 701 1117 829 1195; x_wconf 86' lang='lat' dir='ltr'><strong>bellare</strong></span> <span class='ocrx_word' id='word_1_46' title='bbox 848 1123 969 1196; x_wconf 77' lang='lat' dir='ltr'><strong>civica</strong></span> <span class='ocrx_word' id='word_1_47' title='bbox 992 1122 1086 1213; x_wconf 82' lang='lat' dir='ltr'><strong>pacis</strong></span> <span class='ocrx_word' id='word_1_48' title='bbox 1101 1119 1263 1195; x_wconf 78' lang='lat' dir='ltr'>ordinem</span> <span class='ocrx_word' id='word_1_49' title='bbox 1293 1121 1454 1211; x_wconf 62' lang='lat' dir='ltr'><strong>[ermom</strong></span> 
     </span>
    </p>

    <p class='ocr_par' dir='ltr' id='par_1_4' title="bbox 394 1213 1524 1419">
     <span class='ocr_line' id='line_1_7' title="bbox 394 1213 1516 1315; baseline 0.004 -20"><span class='ocrx_word' id='word_1_50' title='bbox 394 1223 451 1300; x_wconf 90' lang='lat' dir='ltr'><strong>cui</strong></span> <span class='ocrx_word' id='word_1_51' title='bbox 470 1219 575 1315; x_wconf 88' lang='lat' dir='ltr'><strong>quod</strong></span> <span class='ocrx_word' id='word_1_52' title='bbox 602 1220 768 1311; x_wconf 85' lang='lat' dir='ltr'><strong>jubetur,</strong></span> <span class='ocrx_word' id='word_1_53' title='bbox 798 1217 853 1296; x_wconf 90' lang='lat' dir='ltr'><strong>vei</strong></span> <span class='ocrx_word' id='word_1_54' title='bbox 884 1241 960 1297; x_wconf 87' lang='lat' dir='ltr'><strong>non</strong></span> <span class='ocrx_word' id='word_1_55' title='bbox 993 1218 1205 1298; x_wconf 85' lang='lat' dir='ltr'><strong>ellecoutra</strong></span> <span class='ocrx_word' id='word_1_56' title='bbox 1230 1213 1302 1298; x_wconf 87' lang='lat' dir='ltr'><strong>Dei</strong></span> <span class='ocrx_word' id='word_1_57' title='bbox 1326 1241 1458 1314; x_wconf 87' lang='lat' dir='ltr'><strong>praece-</strong></span> <span class='ocrx_word' id='word_1_58' title='bbox 1512 1291 1516 1300; x_wconf 88' lang='grc'><em>,</em></span> 
     </span>
     <span class='ocr_line' id='line_1_8' title="bbox 396 1318 1524 1419; baseline 0.002 -25"><span class='ocrx_word' id='word_1_59' title='bbox 396 1337 501 1419; x_wconf 89' lang='lat' dir='ltr'><strong>ptum</strong></span> <span class='ocrx_word' id='word_1_60' title='bbox 535 1334 674 1394; x_wconf 88' lang='lat' dir='ltr'><strong>certum</strong></span> <span class='ocrx_word' id='word_1_61' title='bbox 696 1318 772 1401; x_wconf 86' lang='lat' dir='ltr'><strong>est.</strong></span> <span class='ocrx_word' id='word_1_62' title='bbox 796 1320 852 1393; x_wconf 88' lang='lat' dir='ltr'><strong>vel</strong></span> <span class='ocrx_word' id='word_1_63' title='bbox 876 1335 995 1395; x_wconf 88' lang='lat' dir='ltr'><strong>utrum</strong></span> <span class='ocrx_word' id='word_1_64' title='bbox 1018 1318 1061 1395; x_wconf 82' lang='lat' dir='ltr'><strong>lit</strong></span> <span class='ocrx_word' id='word_1_65' title='bbox 1082 1373 1094 1406; x_wconf 88' lang='lat'><strong>,</strong></span> <span class='ocrx_word' id='word_1_66' title='bbox 1118 1336 1256 1397; x_wconf 81' lang='lat' dir='ltr'><strong>certum</strong></span> <span class='ocrx_word' id='word_1_67' title='bbox 1282 1342 1359 1395; x_wconf 88' lang='lat' dir='ltr'><strong>non</strong></span> <span class='ocrx_word' id='word_1_68' title='bbox 1381 1318 1454 1406; x_wconf 82' lang='lat' dir='ltr'><strong>est.</strong></span> <span class='ocrx_word' id='word_1_69' title='bbox 1520 1335 1524 1346; x_wconf 89' lang='lat'>&#39;</span> 
     </span>
    </p>

    <p class='ocr_par' dir='ltr' id='par_1_5' title="bbox 394 1415 1456 1516">
     <span class='ocr_line' id='line_1_9' title="bbox 394 1415 1456 1516; baseline -0.005 -18"><span class='ocrx_word' id='word_1_70' title='bbox 394 1425 441 1498; x_wconf 89' lang='lat' dir='ltr'><strong>ita</strong></span> <span class='ocrx_word' id='word_1_71' title='bbox 463 1435 505 1495; x_wconf 92' lang='lat' dir='ltr'><strong>ut</strong></span> <span class='ocrx_word' id='word_1_72' title='bbox 524 1415 665 1494; x_wconf 85' lang='lat' dir='ltr'><strong>fortalle</strong></span> <span class='ocrx_word' id='word_1_73' title='bbox 685 1441 785 1495; x_wconf 89' lang='lat' dir='ltr'><strong>reum</strong></span> <span class='ocrx_word' id='word_1_74' title='bbox 808 1415 946 1514; x_wconf 85' lang='lat' dir='ltr'>Regem</span> <span class='ocrx_word' id='word_1_75' title='bbox 968 1420 1072 1496; x_wconf 86' lang='lat' dir='ltr'><strong>iaciat</strong></span> <span class='ocrx_word' id='word_1_76' title='bbox 1088 1423 1253 1516; x_wconf 82' lang='lat' dir='ltr'><strong>iniquitat</strong></span> <span class='ocrx_word' id='word_1_77' title='bbox 1275 1421 1456 1516; x_wconf 88' lang='lat' dir='ltr'><strong>imperan-</strong></span> 
     </span>
    </p>

    <p class='ocr_par' dir='ltr' id='par_1_6' title="bbox 392 1517 1610 1814">
     <span class='ocr_line' id='line_1_10' title="bbox 393 1517 1610 1597; baseline -0.004 -1"><span class='ocrx_word' id='word_1_78' title='bbox 393 1522 431 1596; x_wconf 91' lang='lat' dir='ltr'><strong>di</strong></span> <span class='ocrx_word' id='word_1_79' title='bbox 453 1563 465 1594; x_wconf 69' lang='lat'><em>2</em></span> <span class='ocrx_word' id='word_1_80' title='bbox 489 1521 722 1593; x_wconf 84' lang='lat' dir='ltr'><strong>innocentem</strong></span> <span class='ocrx_word' id='word_1_81' title='bbox 753 1536 874 1594; x_wconf 89' lang='lat' dir='ltr'><strong>autem</strong></span> <span class='ocrx_word' id='word_1_82' title='bbox 904 1518 1052 1593; x_wconf 90' lang='lat' dir='ltr'><strong>militem</strong></span> <span class='ocrx_word' id='word_1_83' title='bbox 1080 1519 1244 1597; x_wconf 88' lang='lat' dir='ltr'><strong>ostendat</strong></span> <span class='ocrx_word' id='word_1_84' title='bbox 1264 1519 1358 1595; x_wconf 84' lang='lat' dir='ltr'><strong>ordo</strong></span> <span class='ocrx_word' id='word_1_85' title='bbox 1389 1517 1458 1592; x_wconf 84' lang='lat' dir='ltr'><strong>let·</strong></span> <span class='ocrx_word' id='word_1_86' title='bbox 1608 1523 1610 1528; x_wconf 83' lang='grc'><strong>’</strong></span> 
     </span>
     <span class='ocr_line' id='line_1_11' title="bbox 394 1616 1456 1716; baseline -0.002 -21"><span class='ocrx_word' id='word_1_87' title='bbox 394 1621 516 1695; x_wconf 82' lang='lat' dir='ltr'><strong>viendi</strong></span> <span class='ocrx_word' id='word_1_88' title='bbox 551 1666 617 1709; x_wconf 83' lang='lat'><strong>,‚„.</strong></span> <span class='ocrx_word' id='word_1_89' title='bbox 645 1616 686 1693; x_wconf 92' lang='lat' dir='ltr'><strong>ld</strong></span> <span class='ocrx_word' id='word_1_90' title='bbox 713 1634 831 1692; x_wconf 87' lang='lat' dir='ltr'><strong>autem</strong></span> <span class='ocrx_word' id='word_1_91' title='bbox 860 1618 1017 1716; x_wconf 78' lang='lat' dir='ltr'>intellige</span> <span class='ocrx_word' id='word_1_92' title='bbox 1045 1617 1091 1693; x_wconf 93' lang='lat' dir='ltr'><strong>de</strong></span> <span class='ocrx_word' id='word_1_93' title='bbox 1116 1621 1285 1698; x_wconf 82' lang='lat' dir='ltr'><strong>militibus</strong></span> <span class='ocrx_word' id='word_1_94' title='bbox 1310 1616 1456 1696; x_wconf 76' lang='lat' dir='ltr'><strong>subdito</strong></span> 
     </span>
     <span class='ocr_line' id='line_1_12' title="bbox 392 1716 1455 1814; baseline 0.006 -26"><span class='ocrx_word' id='word_1_95' title='bbox 392 1717 574 1812; x_wconf 88' lang='lat' dir='ltr'><strong>Principr,</strong></span> <span class='ocrx_word' id='word_1_96' title='bbox 600 1721 661 1812; x_wconf 90' lang='lat' dir='ltr'><strong>qui</strong></span> <span class='ocrx_word' id='word_1_97' title='bbox 680 1718 812 1793; x_wconf 89' lang='lat' dir='ltr'><strong>bellum</strong></span> <span class='ocrx_word' id='word_1_98' title='bbox 834 1719 971 1796; x_wconf 87' lang='lat' dir='ltr'><strong>lodicit.</strong></span> <span class='ocrx_word' id='word_1_99' title='bbox 1013 1716 1205 1814; x_wconf 77' lang='lat' dir='ltr'><strong>Quietum</strong></span> <span class='ocrx_word' id='word_1_100' title='bbox 1233 1716 1359 1796; x_wconf 77' lang='lat' dir='ltr'><strong>subditi</strong></span> <span class='ocrx_word' id='word_1_101' title='bbox 1376 1739 1455 1794; x_wconf 88' lang='lat' dir='ltr'><strong>nou</strong></span> 
     </span>
    </p>

    <p class='ocr_par' dir='ltr' id='par_1_7' title="bbox 392 1814 1455 1913">
     <span class='ocr_line' id='line_1_13' title="bbox 392 1814 1455 1913; baseline -0.002 -17"><span class='ocrx_word' id='word_1_102' title='bbox 392 1820 501 1904; x_wconf 80' lang='lat' dir='ltr'><strong>lunt,</strong></span> <span class='ocrx_word' id='word_1_103' title='bbox 529 1841 662 1891; x_wconf 88' lang='lat' dir='ltr'><strong>nomen</strong></span> <span class='ocrx_word' id='word_1_104' title='bbox 689 1818 772 1891; x_wconf 83' lang='lat' dir='ltr'><strong>dare</strong></span> <span class='ocrx_word' id='word_1_105' title='bbox 809 1817 942 1896; x_wconf 78' lang='lat' dir='ltr'><strong>milatiae</strong></span> <span class='ocrx_word' id='word_1_106' title='bbox 972 1841 1048 1893; x_wconf 87' lang='lat' dir='ltr'><strong>non</strong></span> <span class='ocrx_word' id='word_1_107' title='bbox 1080 1814 1254 1912; x_wconf 84' lang='lat' dir='ltr'><strong>poffuot,</strong></span> <span class='ocrx_word' id='word_1_108' title='bbox 1281 1819 1455 1913; x_wconf 83' lang='lat' dir='ltr'>quamdiu</span> 
     </span>
    </p>

    <p class='ocr_par' dir='ltr' id='par_1_8' title="bbox 393 1915 1455 2098">
     <span class='ocr_line' id='line_1_14' title="bbox 393 1915 1455 2016; baseline -0.002 -20"><span class='ocrx_word' id='word_1_109' title='bbox 393 1921 443 1996; x_wconf 90' lang='lat' dir='ltr'><strong>de</strong></span> <span class='ocrx_word' id='word_1_110' title='bbox 465 1921 592 2012; x_wconf 83' lang='lat' dir='ltr'><strong>iustitia</strong></span> <span class='ocrx_word' id='word_1_111' title='bbox 613 1915 691 1991; x_wconf 88' lang='lat' dir='ltr'><strong>belli</strong></span> <span class='ocrx_word' id='word_1_112' title='bbox 716 1916 880 1996; x_wconf 87' lang='lat' dir='ltr'><strong>dubitant</strong></span> <span class='ocrx_word' id='word_1_113' title='bbox 895 1942 909 2005; x_wconf 88' lang='grc'><strong>·,</strong></span> <span class='ocrx_word' id='word_1_114' title='bbox 926 1941 1010 1995; x_wconf 90' lang='lat' dir='ltr'><strong>cum</strong></span> <span class='ocrx_word' id='word_1_115' title='bbox 1036 1917 1132 1996; x_wconf 89' lang='lat' dir='ltr'><strong>nulla</strong></span> <span class='ocrx_word' id='word_1_116' title='bbox 1161 1917 1242 2016; x_wconf 77' lang='lat' dir='ltr'><strong>ipis</strong></span> <span class='ocrx_word' id='word_1_117' title='bbox 1270 1919 1455 1996; x_wconf 79' lang='lat' dir='ltr'><strong>incumbat</strong></span> 
     </span>
     <span class='ocr_line' id='line_1_15' title="bbox 394 2013 793 2098; baseline -0.018 0"><span class='ocrx_word' id='word_1_118' title='bbox 394 2019 569 2098; x_wconf 79' lang='lat' dir='ltr'><strong>serviendi</strong></span> <span class='ocrx_word' id='word_1_119' title='bbox 590 2013 793 2092; x_wconf 73' lang='lat' dir='ltr'><strong>necestitan</strong></span> 
     </span>
    </p>

    <p class='ocr_par' dir='ltr' id='par_1_9' title="bbox 395 2090 1623 2515">
     <span class='ocr_line' id='line_1_16' title="bbox 449 2090 1623 2239; baseline -0.002 -48"><span class='ocrx_word' id='word_1_120' title='bbox 449 2116 525 2210; x_wconf 81' lang='lat' dir='ltr'><strong>Qut</strong></span> <span class='ocrx_word' id='word_1_121' title='bbox 547 2141 630 2192; x_wconf 90' lang='lat' dir='ltr'><strong>vero</strong></span> <span class='ocrx_word' id='word_1_122' title='bbox 655 2120 763 2212; x_wconf 90' lang='lat' dir='ltr'><strong>parati</strong></span> <span class='ocrx_word' id='word_1_123' title='bbox 794 2116 942 2195; x_wconf 87' lang='lat' dir='ltr'><strong>suntad</strong></span> <span class='ocrx_word' id='word_1_124' title='bbox 973 2140 1162 2216; x_wconf 80' lang='lat' dir='ltr'><strong>pugnam,</strong></span> <span class='ocrx_word' id='word_1_125' title='bbox 1189 2117 1226 2193; x_wconf 84' lang='lat' dir='ltr'><strong>dt</strong></span> <span class='ocrx_word' id='word_1_126' title='bbox 1249 2116 1293 2192; x_wconf 87' lang='lat' dir='ltr'><strong>ad</strong></span> <span class='ocrx_word' id='word_1_127' title='bbox 1317 2112 1451 2192; x_wconf 84' lang='lat' dir='ltr'><strong>caedem</strong></span> <span class='ocrx_word' id='word_1_128' title='bbox 1473 2090 1623 2239; x_wconf 44' lang='lat' dir='ltr'><strong>iurem</strong></span> 
     </span>
     <span class='ocr_line' id='line_1_17' title="bbox 398 2212 1609 2315; baseline -0.002 -22"><span class='ocrx_word' id='word_1_129' title='bbox 398 2216 580 2296; x_wconf 81' lang='lat' dir='ltr'><strong>holitum,</strong></span> <span class='ocrx_word' id='word_1_130' title='bbox 601 2215 669 2290; x_wconf 84' lang='lat' dir='ltr'><strong>uve</strong></span> <span class='ocrx_word' id='word_1_131' title='bbox 686 2218 817 2293; x_wconf 89' lang='lat' dir='ltr'><strong>bellurn</strong></span> <span class='ocrx_word' id='word_1_132' title='bbox 840 2219 972 2315; x_wconf 90' lang='lat' dir='ltr'><strong>justum</strong></span> <span class='ocrx_word' id='word_1_133' title='bbox 994 2219 1060 2299; x_wconf 84' lang='lat' dir='ltr'><strong>fit,</strong></span> <span class='ocrx_word' id='word_1_134' title='bbox 1080 2216 1149 2292; x_wconf 85' lang='lat' dir='ltr'><strong>five</strong></span> <span class='ocrx_word' id='word_1_135' title='bbox 1169 2217 1362 2313; x_wconf 73' lang='lat' dir='ltr'><strong>injustum,</strong></span> <span class='ocrx_word' id='word_1_136' title='bbox 1384 2212 1452 2291; x_wconf 84' lang='lat' dir='ltr'><strong>hac</strong></span> <span class='ocrx_word' id='word_1_137' title='bbox 1601 2213 1609 2234; x_wconf 84' lang='lat'>&#39;</span> 
     </span>
     <span class='ocr_line' id='line_1_18' title="bbox 395 2318 1454 2414; baseline 0.002 -24"><span class='ocrx_word' id='word_1_138' title='bbox 395 2321 510 2395; x_wconf 82' lang='lat' dir='ltr'><strong>animi</strong></span> <span class='ocrx_word' id='word_1_139' title='bbox 528 2333 782 2414; x_wconf 70' lang='lat' dir='ltr'><strong>preparatrooe</strong></span> <span class='ocrx_word' id='word_1_140' title='bbox 807 2334 865 2395; x_wconf 91' lang='lat' dir='ltr'><strong>tot</strong></span> <span class='ocrx_word' id='word_1_141' title='bbox 892 2321 1198 2401; x_wconf 87' lang='lat' dir='ltr'><strong>homicidiorum,</strong></span> <span class='ocrx_word' id='word_1_142' title='bbox 1219 2318 1256 2392; x_wconf 80' lang='lat' dir='ltr'><strong>dt</strong></span> <span class='ocrx_word' id='word_1_143' title='bbox 1284 2319 1454 2411; x_wconf 82' lang='lat' dir='ltr'><strong>peccatu·</strong></span> 
     </span>
     <span class='ocr_line' id='line_1_19' title="bbox 397 2417 1406 2515; baseline 0.001 -20"><span class='ocrx_word' id='word_1_144' title='bbox 397 2439 483 2495; x_wconf 86' lang='lat' dir='ltr'><strong>tum</strong></span> <span class='ocrx_word' id='word_1_145' title='bbox 505 2419 707 2492; x_wconf 70' lang='lat' dir='ltr'><strong>mortalium</strong></span> <span class='ocrx_word' id='word_1_146' title='bbox 729 2418 807 2492; x_wconf 91' lang='lat' dir='ltr'><strong>lunt</strong></span> <span class='ocrx_word' id='word_1_147' title='bbox 831 2422 903 2503; x_wconf 86' lang='lat' dir='ltr'><strong>rei,</strong></span> <span class='ocrx_word' id='word_1_148' title='bbox 931 2437 1024 2515; x_wconf 89' lang='lat' dir='ltr'><strong>quot</strong></span> <span class='ocrx_word' id='word_1_149' title='bbox 1045 2417 1163 2492; x_wconf 82' lang='lat' dir='ltr'><strong>horres</strong></span> <span class='ocrx_word' id='word_1_150' title='bbox 1181 2420 1373 2515; x_wconf 83' lang='lat' dir='ltr'><strong>perimunt.</strong></span> <span class='ocrx_word' id='word_1_151' title='bbox 1395 2418 1406 2432; x_wconf 77' lang='grc'><strong>“</strong></span> 
     </span>
    </p>

    <p class='ocr_par' dir='ltr' id='par_1_10' title="bbox 398 2514 1545 3917">
     <span class='ocr_line' id='line_1_20' title="bbox 451 2514 1454 2613; baseline 0.001 -23"><span class='ocrx_word' id='word_1_152' title='bbox 451 2515 601 2597; x_wconf 81' lang='lat' dir='ltr'><strong>Tertio.</strong></span> <span class='ocrx_word' id='word_1_153' title='bbox 623 2519 667 2590; x_wconf 90' lang='lat' dir='ltr'><strong>ad</strong></span> <span class='ocrx_word' id='word_1_154' title='bbox 690 2516 769 2591; x_wconf 89' lang='lat' dir='ltr'><strong>belli</strong></span> <span class='ocrx_word' id='word_1_155' title='bbox 791 2519 957 2611; x_wconf 86' lang='lat' dir='ltr'><strong>juliitiam</strong></span> <span class='ocrx_word' id='word_1_156' title='bbox 992 2522 1213 2613; x_wconf 84' lang='lat' dir='ltr'><strong>requiritur,</strong></span> <span class='ocrx_word' id='word_1_157' title='bbox 1236 2532 1275 2594; x_wconf 89' lang='lat' dir='ltr'><strong>ut</strong></span> <span class='ocrx_word' id='word_1_158' title='bbox 1298 2514 1454 2592; x_wconf 86' lang='lat' dir='ltr'><strong>intentio</strong></span> 
     </span>
     <span class='ocr_line' id='line_1_21' title="bbox 398 2617 1503 2715; baseline -0.002 -20"><span class='ocrx_word' id='word_1_159' title='bbox 398 2617 535 2695; x_wconf 89' lang='lat' dir='ltr'><strong>bellum</strong></span> <span class='ocrx_word' id='word_1_160' title='bbox 557 2620 758 2714; x_wconf 86' lang='lat' dir='ltr'><strong>gerentium</strong></span> <span class='ocrx_word' id='word_1_161' title='bbox 779 2618 870 2697; x_wconf 74' lang='lat' dir='ltr'><strong>retia</strong></span> <span class='ocrx_word' id='word_1_162' title='bbox 895 2617 959 2695; x_wconf 84' lang='lat' dir='ltr'><strong>stt:</strong></span> <span class='ocrx_word' id='word_1_163' title='bbox 982 2617 1221 2696; x_wconf 88' lang='lat' dir='ltr'><strong>bellumenim</strong></span> <span class='ocrx_word' id='word_1_164' title='bbox 1234 2639 1357 2715; x_wconf 85' lang='lat' dir='ltr'><strong>gerere</strong></span> <span class='ocrx_word' id='word_1_165' title='bbox 1378 2636 1455 2693; x_wconf 86' lang='lat' dir='ltr'><strong>nod</strong></span> <span class='ocrx_word' id='word_1_166' title='bbox 1493 2620 1503 2649; x_wconf 85' lang='lat'><em>&#39;</em></span> 
     </span>
     <span class='ocr_line' id='line_1_22' title="bbox 399 2719 1456 2815; baseline -0.006 -18"><span class='ocrx_word' id='word_1_167' title='bbox 399 2719 466 2797; x_wconf 79' lang='lat' dir='ltr'><strong>alia</strong></span> <span class='ocrx_word' id='word_1_168' title='bbox 488 2721 686 2793; x_wconf 86' lang='lat' dir='ltr'><strong>intentione</strong></span> <span class='ocrx_word' id='word_1_169' title='bbox 704 2719 859 2804; x_wconf 86' lang='lat' dir='ltr'><strong>debent,</strong></span> <span class='ocrx_word' id='word_1_170' title='bbox 875 2743 983 2815; x_wconf 88' lang='lat' dir='ltr'><strong>quam</strong></span> <span class='ocrx_word' id='word_1_171' title='bbox 1013 2734 1054 2796; x_wconf 93' lang='lat' dir='ltr'><strong>ut</strong></span> <span class='ocrx_word' id='word_1_172' title='bbox 1078 2722 1217 2796; x_wconf 90' lang='lat' dir='ltr'><strong>bonum</strong></span> <span class='ocrx_word' id='word_1_173' title='bbox 1237 2739 1456 2814; x_wconf 85' lang='lat' dir='ltr'><strong>promovea-</strong></span> 
     </span>
     <span class='ocr_line' id='line_1_23' title="bbox 401 2815 1545 2912; baseline -0.006 -17"><span class='ocrx_word' id='word_1_174' title='bbox 401 2833 486 2899; x_wconf 83' lang='lat' dir='ltr'><strong>tur,</strong></span> <span class='ocrx_word' id='word_1_175' title='bbox 501 2837 563 2893; x_wconf 88' lang='lat' dir='ltr'><strong>aut</strong></span> <span class='ocrx_word' id='word_1_176' title='bbox 586 2818 719 2892; x_wconf 85' lang='lat' dir='ltr'><strong>malum</strong></span> <span class='ocrx_word' id='word_1_177' title='bbox 742 2821 881 2894; x_wconf 79' lang='lat' dir='ltr'><strong>uitetur·</strong></span> <span class='ocrx_word' id='word_1_178' title='bbox 907 2817 1015 2900; x_wconf 85' lang='lat' dir='ltr'>Unde</span> <span class='ocrx_word' id='word_1_179' title='bbox 1044 2824 1078 2890; x_wconf 88' lang='lat' dir='ltr'><strong>S.</strong></span> <span class='ocrx_word' id='word_1_180' title='bbox 1095 2815 1318 2912; x_wconf 78' lang='lat' dir='ltr'><strong>Augustinus,</strong></span> <span class='ocrx_word' id='word_1_181' title='bbox 1349 2816 1456 2912; x_wconf 81' lang='lat' dir='ltr'><strong>Epist.</strong></span> <span class='ocrx_word' id='word_1_182' title='bbox 1540 2902 1545 2911; x_wconf 32' lang='grc' dir='ltr'>Ι</span> 
     </span>
     <span class='ocr_line' id='line_1_24' title="bbox 405 2914 1455 3011; baseline 0.001 -21"><span class='ocrx_word' id='word_1_183' title='bbox 405 2929 492 3011; x_wconf 85' lang='lat'>189.</span> <span class='ocrx_word' id='word_1_184' title='bbox 505 2919 583 2993; x_wconf 86' lang='lat' dir='ltr'><strong>alias</strong></span> <span class='ocrx_word' id='word_1_185' title='bbox 599 2934 683 3003; x_wconf 86' lang='lat'><strong>205·</strong></span> <span class='ocrx_word' id='word_1_186' title='bbox 696 2920 738 2994; x_wconf 88' lang='lat' dir='ltr'><strong>ad</strong></span> <span class='ocrx_word' id='word_1_187' title='bbox 753 2915 961 3007; x_wconf 64' lang='lat' dir='ltr'><strong>bonefacium</strong></span> <span class='ocrx_word' id='word_1_188' title='bbox 990 2920 1083 2995; x_wconf 64' lang='lat' dir='ltr'><strong>‚aitt</strong></span> <span class='ocrx_word' id='word_1_189' title='bbox 1097 2976 1119 3011; x_wconf 86' lang='lat'><strong>,‚</strong></span> <span class='ocrx_word' id='word_1_190' title='bbox 1132 2975 1154 3011; x_wconf 86' lang='lat'><strong>„</strong></span> <span class='ocrx_word' id='word_1_191' title='bbox 1178 2918 1303 2997; x_wconf 85' lang='lat' dir='ltr'><strong>Pacem</strong></span> <span class='ocrx_word' id='word_1_192' title='bbox 1325 2914 1455 2992; x_wconf 87' lang='lat' dir='ltr'><strong>habere</strong></span> 
     </span>
     <span class='ocr_line' id='line_1_25' title="bbox 401 3015 1454 3102; baseline 0.001 -8"><span class='ocrx_word' id='word_1_193' title='bbox 401 3019 512 3095; x_wconf 87' lang='lat' dir='ltr'><strong>debet</strong></span> <span class='ocrx_word' id='word_1_194' title='bbox 537 3019 698 3092; x_wconf 82' lang='lat' dir='ltr'><strong>voluntas</strong></span> <span class='ocrx_word' id='word_1_195' title='bbox 736 3019 866 3096; x_wconf 91' lang='lat' dir='ltr'><strong>bellum</strong></span> <span class='ocrx_word' id='word_1_196' title='bbox 890 3016 1145 3102; x_wconf 66' lang='lat' dir='ltr'><strong>necmitasmt</strong></span> <span class='ocrx_word' id='word_1_197' title='bbox 1167 3018 1290 3095; x_wconf 90' lang='lat' dir='ltr'><strong>liberet</strong></span> <span class='ocrx_word' id='word_1_198' title='bbox 1313 3015 1454 3095; x_wconf 78' lang='lat' dir='ltr'><strong>neusa</strong></span> 
     </span>
     <span class='ocr_line' id='line_1_26' title="bbox 401 3115 1454 3216; baseline -0.003 -22"><span class='ocrx_word' id='word_1_199' title='bbox 401 3115 622 3200; x_wconf 81' lang='lat' dir='ltr'><strong>necellrtate,</strong></span> <span class='ocrx_word' id='word_1_200' title='bbox 641 3119 871 3195; x_wconf 84' lang='lat' dir='ltr'><strong>&amp;conlervet</strong></span> <span class='ocrx_word' id='word_1_201' title='bbox 883 3123 918 3194; x_wconf 88' lang='lat' dir='ltr'><strong>in</strong></span> <span class='ocrx_word' id='word_1_202' title='bbox 937 3143 1031 3216; x_wconf 89' lang='lat' dir='ltr'><strong>pace.</strong></span> <span class='ocrx_word' id='word_1_203' title='bbox 1065 3118 1152 3195; x_wconf 86' lang='lat' dir='ltr'><strong>Non</strong></span> <span class='ocrx_word' id='word_1_204' title='bbox 1164 3123 1258 3193; x_wconf 90' lang='lat' dir='ltr'><strong>enim</strong></span> <span class='ocrx_word' id='word_1_205' title='bbox 1274 3141 1344 3210; x_wconf 81' lang='lat' dir='ltr'><strong>pax</strong></span> <span class='ocrx_word' id='word_1_206' title='bbox 1358 3138 1454 3215; x_wconf 84' lang='lat' dir='ltr'><strong>quae·</strong></span> 
     </span>
     <span class='ocr_line' id='line_1_27' title="bbox 401 3217 1455 3316; baseline 0.001 -22"><span class='ocrx_word' id='word_1_207' title='bbox 401 3222 516 3299; x_wconf 88' lang='lat' dir='ltr'><strong>titur,</strong></span> <span class='ocrx_word' id='word_1_208' title='bbox 535 3236 573 3293; x_wconf 93' lang='lat' dir='ltr'><strong>ut</strong></span> <span class='ocrx_word' id='word_1_209' title='bbox 586 3217 717 3292; x_wconf 88' lang='lat' dir='ltr'><strong>bellum</strong></span> <span class='ocrx_word' id='word_1_210' title='bbox 735 3222 931 3302; x_wconf 84' lang='lat' dir='ltr'><strong>excitetur,</strong></span> <span class='ocrx_word' id='word_1_211' title='bbox 950 3219 1006 3293; x_wconf 88' lang='lat' dir='ltr'><strong>led</strong></span> <span class='ocrx_word' id='word_1_212' title='bbox 1020 3218 1150 3296; x_wconf 89' lang='lat' dir='ltr'><strong>bellum</strong></span> <span class='ocrx_word' id='word_1_213' title='bbox 1164 3220 1455 3316; x_wconf 80' lang='lat' dir='ltr'><strong>geritur‚utpax</strong></span> 
     </span>
     <span class='ocr_line' id='line_1_28' title="bbox 402 3315 1454 3412; baseline -0.006 -18"><span class='ocrx_word' id='word_1_214' title='bbox 402 3323 616 3412; x_wconf 82' lang='lat' dir='ltr'><strong>acquiratur.</strong></span> <span class='ocrx_word' id='word_1_215' title='bbox 634 3315 715 3394; x_wconf 81' lang='lat' dir='ltr'><strong>Elio</strong></span> <span class='ocrx_word' id='word_1_216' title='bbox 728 3343 815 3410; x_wconf 82' lang='lat' dir='ltr'><strong>ergo</strong></span> <span class='ocrx_word' id='word_1_217' title='bbox 827 3321 931 3393; x_wconf 90' lang='lat' dir='ltr'><strong>etiam</strong></span> <span class='ocrx_word' id='word_1_218' title='bbox 947 3319 1112 3395; x_wconf 88' lang='lat' dir='ltr'><strong>bellando</strong></span> <span class='ocrx_word' id='word_1_219' title='bbox 1126 3317 1304 3412; x_wconf 81' lang='lat' dir='ltr'><strong>pacificus.</strong></span> <span class='ocrx_word' id='word_1_220' title='bbox 1320 3334 1358 3392; x_wconf 92' lang='lat' dir='ltr'><strong>ut</strong></span> <span class='ocrx_word' id='word_1_221' title='bbox 1369 3340 1454 3403; x_wconf 85' lang='lat' dir='ltr'><strong>eos,</strong></span> 
     </span>
     <span class='ocr_line' id='line_1_29' title="bbox 403 3415 1457 3516; baseline 0 -23"><span class='ocrx_word' id='word_1_222' title='bbox 403 3441 499 3516; x_wconf 87' lang='lat' dir='ltr'><strong>quos</strong></span> <span class='ocrx_word' id='word_1_223' title='bbox 510 3440 718 3512; x_wconf 82' lang='lat' dir='ltr'><strong>expugnas,</strong></span> <span class='ocrx_word' id='word_1_224' title='bbox 735 3421 777 3491; x_wconf 88' lang='lat' dir='ltr'><strong>ad</strong></span> <span class='ocrx_word' id='word_1_225' title='bbox 795 3423 888 3510; x_wconf 89' lang='lat' dir='ltr'><strong>pacis</strong></span> <span class='ocrx_word' id='word_1_226' title='bbox 907 3419 1091 3493; x_wconf 84' lang='lat' dir='ltr'><strong>utilitatem</strong></span> <span class='ocrx_word' id='word_1_227' title='bbox 1106 3418 1303 3493; x_wconf 83' lang='lat' dir='ltr'><strong>vincendos</strong></span> <span class='ocrx_word' id='word_1_228' title='bbox 1325 3415 1457 3511; x_wconf 85' lang='lat' dir='ltr'><strong>perdu-</strong></span> 
     </span>
     <span class='ocr_line' id='line_1_30' title="bbox 403 3514 1457 3614; baseline -0.001 -18"><span class='ocrx_word' id='word_1_229' title='bbox 403 3541 518 3596; x_wconf 83' lang='lat' dir='ltr'><strong>cas...</strong></span> <span class='ocrx_word' id='word_1_230' title='bbox 551 3519 673 3614; x_wconf 88' lang='lat' dir='ltr'><strong>ltaque</strong></span> <span class='ocrx_word' id='word_1_231' title='bbox 690 3516 826 3592; x_wconf 82' lang='lat' dir='ltr'><strong>hostem</strong></span> <span class='ocrx_word' id='word_1_232' title='bbox 847 3538 1068 3611; x_wconf 74' lang='lat' dir='ltr'><strong>pugnantem</strong></span> <span class='ocrx_word' id='word_1_233' title='bbox 1088 3514 1265 3593; x_wconf 83' lang='lat' dir='ltr'><strong>necelirtas</strong></span> <span class='ocrx_word' id='word_1_234' title='bbox 1283 3521 1457 3611; x_wconf 73' lang='lat' dir='ltr'><strong>perimat.</strong></span> 
     </span>
     <span class='ocr_line' id='line_1_31' title="bbox 404 3616 1458 3696; baseline -0.002 -1"><span class='ocrx_word' id='word_1_235' title='bbox 404 3643 482 3695; x_wconf 90' lang='lat' dir='ltr'><strong>non</strong></span> <span class='ocrx_word' id='word_1_236' title='bbox 502 3618 677 3695; x_wconf 88' lang='lat' dir='ltr'><strong>voluntas.</strong></span> <span class='ocrx_word' id='word_1_237' title='bbox 702 3617 802 3695; x_wconf 89' lang='lat' dir='ltr'><strong>Sicut</strong></span> <span class='ocrx_word' id='word_1_238' title='bbox 831 3618 1088 3693; x_wconf 78' lang='lat' dir='ltr'><strong>rebellanti&amp;</strong></span> <span class='ocrx_word' id='word_1_239' title='bbox 1110 3616 1274 3696; x_wconf 73' lang='lat' dir='ltr'><strong>resistenti</strong></span> <span class='ocrx_word' id='word_1_240' title='bbox 1293 3617 1458 3695; x_wconf 83' lang='lat' dir='ltr'><strong>violentia</strong></span> 
     </span>
     <span class='ocr_line' id='line_1_32' title="bbox 404 3716 1459 3813; baseline -0.005 -18"><span class='ocrx_word' id='word_1_241' title='bbox 404 3717 593 3800; x_wconf 85' lang='lat' dir='ltr'><strong>redditur,</strong></span> <span class='ocrx_word' id='word_1_242' title='bbox 609 3720 654 3799; x_wconf 85' lang='lat' dir='ltr'><strong>ita</strong></span> <span class='ocrx_word' id='word_1_243' title='bbox 672 3719 763 3793; x_wconf 75' lang='lat' dir='ltr'><strong>viilo</strong></span> <span class='ocrx_word' id='word_1_244' title='bbox 776 3772 785 3802; x_wconf 89' lang='lat'>,</span> <span class='ocrx_word' id='word_1_245' title='bbox 800 3720 854 3792; x_wconf 87' lang='lat' dir='ltr'><strong>vel</strong></span> <span class='ocrx_word' id='word_1_246' title='bbox 886 3738 994 3813; x_wconf 86' lang='lat' dir='ltr'><strong>capto</strong></span> <span class='ocrx_word' id='word_1_247' title='bbox 1012 3718 1245 3793; x_wconf 84' lang='lat' dir='ltr'><strong>misericordia</strong></span> <span class='ocrx_word' id='word_1_248' title='bbox 1263 3718 1332 3809; x_wconf 84' lang='lat' dir='ltr'><strong>jam</strong></span> <span class='ocrx_word' id='word_1_249' title='bbox 1351 3716 1459 3790; x_wconf 82' lang='lat' dir='ltr'><strong>debe-</strong></span> 
     </span>
     <span class='ocr_line' id='line_1_33' title="bbox 406 3821 1458 3917; baseline -0.011 -21"><span class='ocrx_word' id='word_1_250' title='bbox 406 3834 466 3899; x_wconf 90' lang='lat' dir='ltr'><strong>tur</strong></span> <span class='ocrx_word' id='word_1_251' title='bbox 477 3869 487 3899; x_wconf 91' lang='lat'>‚</span> <span class='ocrx_word' id='word_1_252' title='bbox 500 3839 655 3900; x_wconf 78' lang='lat' dir='ltr'><strong>nraxrme</strong></span> <span class='ocrx_word' id='word_1_253' title='bbox 670 3821 705 3890; x_wconf 91' lang='lat' dir='ltr'><strong>in</strong></span> <span class='ocrx_word' id='word_1_254' title='bbox 720 3840 795 3910; x_wconf 88' lang='lat' dir='ltr'><strong>quo</strong></span> <span class='ocrx_word' id='word_1_255' title='bbox 809 3821 901 3913; x_wconf 82' lang='lat' dir='ltr'><strong>pacis</strong></span> <span class='ocrx_word' id='word_1_256' title='bbox 916 3822 1220 3917; x_wconf 79' lang='lat' dir='ltr'><strong>perturbationum</strong></span> <span class='ocrx_word' id='word_1_257' title='bbox 1233 3822 1376 3892; x_wconf 83' lang='lat' dir='ltr'><strong>timetur</strong></span> <span class='ocrx_word' id='word_1_258' title='bbox 1391 3860 1458 3905; x_wconf 80' lang='lat'><strong>„„„</strong></span> 
     </span>
    </p>

    <p class='ocr_par' dir='ltr' id='par_1_11' title="bbox 410 3915 1460 4516">
     <span class='ocr_line' id='line_1_34' title="bbox 460 3915 1460 4014; baseline -0.009 -19"><span class='ocrx_word' id='word_1_259' title='bbox 460 3916 504 3995; x_wconf 84' lang='lat' dir='ltr'><strong>Et</strong></span> <span class='ocrx_word' id='word_1_260' title='bbox 521 3919 580 3992; x_wconf 76' lang='lat' dir='ltr'><strong>lib·</strong></span> <span class='ocrx_word' id='word_1_261' title='bbox 593 3937 650 3995; x_wconf 85' lang='lat'><strong>22.</strong></span> <span class='ocrx_word' id='word_1_262' title='bbox 668 3923 788 3984; x_wconf 81' lang='lat' dir='ltr'><strong>Curtcra</strong></span> <span class='ocrx_word' id='word_1_263' title='bbox 806 3918 952 3995; x_wconf 62' lang='lat' dir='ltr'><strong>faustum</strong></span> <span class='ocrx_word' id='word_1_264' title='bbox 966 3974 975 4004; x_wconf 89' lang='lat'>,</span> <span class='ocrx_word' id='word_1_265' title='bbox 988 3942 1065 4014; x_wconf 83' lang='lat' dir='ltr'><strong>cap.</strong></span> <span class='ocrx_word' id='word_1_266' title='bbox 1087 3934 1147 4014; x_wconf 85' lang='lat'><strong>74.</strong></span> <span class='ocrx_word' id='word_1_267' title='bbox 1174 3973 1196 4007; x_wconf 82' lang='lat'>„</span> <span class='ocrx_word' id='word_1_268' title='bbox 1210 3973 1231 4005; x_wconf 84' lang='lat'><strong>„</strong></span> <span class='ocrx_word' id='word_1_269' title='bbox 1260 3915 1392 4009; x_wconf 76' lang='lat' dir='ltr'><strong>Quid(</strong></span> <span class='ocrx_word' id='word_1_270' title='bbox 1408 3921 1460 3981; x_wconf 65' lang='grc' dir='ltr'><strong>Μ·</strong></span> 
     </span>
     <span class='ocr_line' id='line_1_35' title="bbox 411 4013 1459 4115; baseline 0.003 -30"><span class='ocrx_word' id='word_1_271' title='bbox 411 4017 686 4114; x_wconf 76' lang='lat' dir='ltr'><strong>quit)culpatur</strong></span> <span class='ocrx_word' id='word_1_272' title='bbox 701 4021 736 4091; x_wconf 89' lang='lat' dir='ltr'><strong>in</strong></span> <span class='ocrx_word' id='word_1_273' title='bbox 755 4019 848 4095; x_wconf 91' lang='lat' dir='ltr'><strong>bello</strong></span> <span class='ocrx_word' id='word_1_274' title='bbox 867 4019 882 4093; x_wconf 79' lang='lat' dir='ltr'><strong>i</strong></span> <span class='ocrx_word' id='word_1_275' title='bbox 904 4027 956 4096; x_wconf 85' lang='lat' dir='ltr'><strong>ilo</strong></span> <span class='ocrx_word' id='word_1_276' title='bbox 975 4023 1056 4115; x_wconf 85' lang='lat' dir='ltr'><strong>quia</strong></span> <span class='ocrx_word' id='word_1_277' title='bbox 1078 4023 1279 4095; x_wconf 87' lang='lat' dir='ltr'><strong>moriuntur</strong></span> <span class='ocrx_word' id='word_1_278' title='bbox 1296 4013 1459 4104; x_wconf 79' lang='lat' dir='ltr'><strong>quandu-</strong></span> 
     </span>
     <span class='ocr_line' id='line_1_36' title="bbox 412 4111 1460 4216; baseline -0.008 -22"><span class='ocrx_word' id='word_1_279' title='bbox 412 4141 485 4216; x_wconf 88' lang='lat' dir='ltr'><strong>que</strong></span> <span class='ocrx_word' id='word_1_280' title='bbox 502 4119 686 4200; x_wconf 82' lang='lat' dir='ltr'><strong>morituri,</strong></span> <span class='ocrx_word' id='word_1_281' title='bbox 703 4133 742 4195; x_wconf 87' lang='lat' dir='ltr'><strong>ut</strong></span> <span class='ocrx_word' id='word_1_282' title='bbox 765 4121 957 4196; x_wconf 83' lang='lat' dir='ltr'><strong>domentur</strong></span> <span class='ocrx_word' id='word_1_283' title='bbox 973 4125 1006 4195; x_wconf 90' lang='lat' dir='ltr'><strong>in</strong></span> <span class='ocrx_word' id='word_1_284' title='bbox 1024 4142 1110 4212; x_wconf 88' lang='lat' dir='ltr'><strong>pace</strong></span> <span class='ocrx_word' id='word_1_285' title='bbox 1125 4115 1274 4193; x_wconf 78' lang='lat' dir='ltr'><strong>vitluri‘?</strong></span> <span class='ocrx_word' id='word_1_286' title='bbox 1298 4111 1381 4190; x_wconf 92' lang='lat' dir='ltr'><strong>Hoc</strong></span> <span class='ocrx_word' id='word_1_287' title='bbox 1405 4136 1460 4187; x_wconf 85' lang='lat' dir='ltr'><strong>re·</strong></span> 
     </span>
     <span class='ocr_line' id='line_1_37' title="bbox 410 4211 1459 4317; baseline -0.003 -26"><span class='ocrx_word' id='word_1_288' title='bbox 410 4217 635 4317; x_wconf 84' lang='lat' dir='ltr'><strong>prehendere</strong></span> <span class='ocrx_word' id='word_1_289' title='bbox 657 4217 866 4295; x_wconf 88' lang='lat' dir='ltr'><strong>timidorum</strong></span> <span class='ocrx_word' id='word_1_290' title='bbox 888 4221 936 4293; x_wconf 88' lang='lat' dir='ltr'><strong>est</strong></span> <span class='ocrx_word' id='word_1_291' title='bbox 962 4264 970 4293; x_wconf 67' lang='lat' dir='ltr'><strong>a</strong></span> <span class='ocrx_word' id='word_1_292' title='bbox 998 4243 1071 4293; x_wconf 82' lang='lat' dir='ltr'><strong>nort</strong></span> <span class='ocrx_word' id='word_1_293' title='bbox 1096 4215 1353 4311; x_wconf 78' lang='lat' dir='ltr'><strong>relrgrolorum.</strong></span> <span class='ocrx_word' id='word_1_294' title='bbox 1382 4211 1459 4288; x_wconf 89' lang='lat' dir='ltr'><strong>Nu·</strong></span> 
     </span>
     <span class='ocr_line' id='line_1_38' title="bbox 410 4302 1460 4410; baseline -0.009 -14"><span class='ocrx_word' id='word_1_295' title='bbox 410 4319 520 4396; x_wconf 86' lang='lat' dir='ltr'><strong>cendi</strong></span> <span class='ocrx_word' id='word_1_296' title='bbox 541 4302 747 4410; x_wconf 74' lang='lat' dir='ltr'><strong>cupiditas&#39;,</strong></span> <span class='ocrx_word' id='word_1_297' title='bbox 773 4319 961 4396; x_wconf 84' lang='lat' dir='ltr'><strong>ulciscendi</strong></span> <span class='ocrx_word' id='word_1_298' title='bbox 984 4317 1169 4392; x_wconf 78' lang='lat' dir='ltr'><strong>crudelitas</strong></span> <span class='ocrx_word' id='word_1_299' title='bbox 1194 4371 1203 4400; x_wconf 84' lang='lat'><strong><em>‚</em></strong></span> <span class='ocrx_word' id='word_1_300' title='bbox 1229 4315 1460 4408; x_wconf 84' lang='lat' dir='ltr'><strong>implacatus.</strong></span> 
     </span>
     <span class='ocr_line' id='line_1_39' title="bbox 410 4413 1460 4516; baseline -0.006 -19"><span class='ocrx_word' id='word_1_301' title='bbox 410 4438 521 4516; x_wconf 85' lang='lat' dir='ltr'><strong>atque</strong></span> <span class='ocrx_word' id='word_1_302' title='bbox 544 4416 772 4513; x_wconf 79' lang='lat' dir='ltr'><strong>implacabilis</strong></span> <span class='ocrx_word' id='word_1_303' title='bbox 786 4423 941 4495; x_wconf 87' lang='lat' dir='ltr'><strong>animus.</strong></span> <span class='ocrx_word' id='word_1_304' title='bbox 973 4417 1088 4492; x_wconf 82' lang='lat' dir='ltr'><strong>feritas</strong></span> <span class='ocrx_word' id='word_1_305' title='bbox 1109 4416 1320 4491; x_wconf 64' lang='lat' dir='ltr'><strong>rebellandi</strong></span> <span class='ocrx_word' id='word_1_306' title='bbox 1347 4413 1460 4491; x_wconf 82' lang='lat' dir='ltr'><strong>libido</strong></span> 
     </span>
    </p>
   </div>
   <div class='ocr_carea' id='block_1_4' title="bbox 413 4514 1462 4718">
    <p class='ocr_par' dir='ltr' id='par_1_12' title="bbox 413 4514 1462 4718">
     <span class='ocr_line' id='line_1_40' title="bbox 413 4514 1462 4718; baseline -0.007 -116"><span class='ocrx_word' id='word_1_307' title='bbox 413 4521 653 4607; x_wconf 84' lang='lat' dir='ltr'><strong>dominandi,</strong></span> <span class='ocrx_word' id='word_1_308' title='bbox 668 4519 705 4599; x_wconf 81' lang='lat' dir='ltr'><strong>dt</strong></span> <span class='ocrx_word' id='word_1_309' title='bbox 725 4515 751 4595; x_wconf 83' lang='lat' dir='ltr'>fi</span> <span class='ocrx_word' id='word_1_310' title='bbox 769 4544 839 4622; x_wconf 82' lang='lat' dir='ltr'><strong>qua</strong></span> <span class='ocrx_word' id='word_1_311' title='bbox 856 4520 978 4718; x_wconf 46' lang='lat' dir='ltr'><strong>stafili}</strong></span> <span class='ocrx_word' id='word_1_312' title='bbox 993 4518 1071 4601; x_wconf 76' lang='lat' dir='ltr'><strong>hcc</strong></span> <span class='ocrx_word' id='word_1_313' title='bbox 1087 4516 1191 4599; x_wconf 70' lang='lat' dir='ltr'><strong>suut»</strong></span> <span class='ocrx_word' id='word_1_314' title='bbox 1208 4538 1288 4621; x_wconf 79' lang='lat' dir='ltr'><strong>quae</strong></span> <span class='ocrx_word' id='word_1_315' title='bbox 1310 4514 1462 4712; x_wconf 40' lang='lat' dir='ltr'><strong>iqtbtellia</strong></span> 
     </span>
    </p>
   </div>
   <div class='ocr_carea' id='block_1_5' title="bbox 0 0 2145 5350">
    <p class='ocr_par' dir='ltr' id='par_1_13' title="bbox 0 0 2145 5350">
     <span class='ocr_line' id='line_1_41' title="bbox 0 0 2145 5350; baseline 0 0"><span class='ocrx_word' id='word_1_316' title='bbox 0 0 2145 5350; x_wconf 95' lang='lat' dir='ltr'><strong> </strong></span> 
     </span>
    </p>
   </div>
  </div>
 </body>
</html>
