<?xml version="1.0" encoding="UTF-8"?>
<!DOCTYPE html PUBLIC "-//W3C//DTD XHTML 1.0 Transitional//EN"
    "http://www.w3.org/TR/xhtml1/DTD/xhtml1-transitional.dtd">
<html xmlns="http://www.w3.org/1999/xhtml" xml:lang="en" lang="en">
 <head>
  <title>
</title>
<meta http-equiv="Content-Type" content="text/html;charset=utf-8" />
  <meta name='ocr-system' content='tesseract 3.04.00' />
  <meta name='ocr-capabilities' content='ocr_page ocr_carea ocr_par ocr_line ocrx_word'/>
</head>
<body>
  <div class='ocr_page' id='page_1' title='image "./theologiadogmat07alexgoog_0190.png"; bbox 0 0 4234 5350; ppageno 0'>
   <div class='ocr_carea' id='block_1_1' title="bbox 578 533 1458 672">
    <p class='ocr_par' dir='ltr' id='par_1_1' title="bbox 578 533 1458 672">
     <span class='ocr_line' id='line_1_1' title="bbox 578 533 1458 672; baseline -0.007 -36"><span class='ocrx_word' id='word_1_1' title='bbox 578 537 651 636; x_wconf 83' lang='lat' dir='ltr'>Dc</span> <span class='ocrx_word' id='word_1_2' title='bbox 667 542 816 656; x_wconf 89' lang='lat' dir='ltr'>quinto</span> <span class='ocrx_word' id='word_1_3' title='bbox 833 533 1038 672; x_wconf 83' lang='lat' dir='ltr'>Deculogi</span> <span class='ocrx_word' id='word_1_4' title='bbox 1062 553 1285 658; x_wconf 74' lang='lat' dir='ltr'>praecepto:</span> <span class='ocrx_word' id='word_1_5' title='bbox 1373 555 1458 647; x_wconf 69' lang='lat' dir='ltr'>&#39;rut</span> 
     </span>
    </p>
   </div>
   <div class='ocr_carea' id='block_1_2' title="bbox 407 710 1556 2310">
    <p class='ocr_par' dir='ltr' id='par_1_2' title="bbox 407 710 1556 2310">
     <span class='ocr_line' id='line_1_2' title="bbox 408 710 1556 811; baseline -0.005 -16"><span class='ocrx_word' id='word_1_6' title='bbox 408 712 640 796; x_wconf 67' lang='lat' dir='ltr'>aestimantur</span> <span class='ocrx_word' id='word_1_7' title='bbox 657 710 762 811; x_wconf 90' lang='lat' dir='ltr'>lignis</span> <span class='ocrx_word' id='word_1_8' title='bbox 780 711 933 809; x_wconf 85' lang='lat' dir='ltr'>aliquem</span> <span class='ocrx_word' id='word_1_9' title='bbox 953 710 1043 790; x_wconf 80' lang='lat' dir='ltr'>trahi</span> <span class='ocrx_word' id='word_1_10' title='bbox 1064 713 1109 789; x_wconf 92' lang='lat' dir='ltr'>ad</span> <span class='ocrx_word' id='word_1_11' title='bbox 1132 710 1460 810; x_wconf 79' lang='lat' dir='ltr'>concupiscentiam</span> <span class='ocrx_word' id='word_1_12' title='bbox 1551 789 1556 806; x_wconf 70' lang='grc'><em>,</em></span> 
     </span>
     <span class='ocr_line' id='line_1_3' title="bbox 407 811 1460 910; baseline -0.007 -15"><span class='ocrx_word' id='word_1_13' title='bbox 407 818 461 895; x_wconf 88' lang='lat' dir='ltr'>sui</span> <span class='ocrx_word' id='word_1_14' title='bbox 485 828 583 891; x_wconf 83' lang='lat' dir='ltr'>extra</span> <span class='ocrx_word' id='word_1_15' title='bbox 603 814 892 899; x_wconf 75' lang='lat' dir='ltr'><strong>matrimonium,</strong></span> <span class='ocrx_word' id='word_1_16' title='bbox 911 811 1039 889; x_wconf 87' lang='lat' dir='ltr'>offerat</span> <span class='ocrx_word' id='word_1_17' title='bbox 1056 814 1089 887; x_wconf 89' lang='lat' dir='ltr'>se</span> <span class='ocrx_word' id='word_1_18' title='bbox 1103 813 1344 892; x_wconf 82' lang='lat' dir='ltr'>indifferenter</span> <span class='ocrx_word' id='word_1_19' title='bbox 1362 813 1460 910; x_wconf 73' lang='lat' dir='ltr'>aspe-</span> 
     </span>
     <span class='ocr_line' id='line_1_4' title="bbox 411 912 1461 999; baseline -0.005 -5"><span class='ocrx_word' id='word_1_20' title='bbox 411 918 483 994; x_wconf 82' lang='lat' dir='ltr'>unt</span> <span class='ocrx_word' id='word_1_21' title='bbox 506 917 616 999; x_wconf 80' lang='lat' dir='ltr'>illius,</span> <span class='ocrx_word' id='word_1_22' title='bbox 642 917 718 987; x_wconf 90' lang='lat' dir='ltr'>don</span> <span class='ocrx_word' id='word_1_23' title='bbox 739 913 924 987; x_wconf 88' lang='lat' dir='ltr'>intendens</span> <span class='ocrx_word' id='word_1_24' title='bbox 945 912 1044 989; x_wconf 88' lang='lat' dir='ltr'>illum</span> <span class='ocrx_word' id='word_1_25' title='bbox 1068 915 1237 991; x_wconf 86' lang='lat' dir='ltr'>inducere</span> <span class='ocrx_word' id='word_1_26' title='bbox 1253 913 1298 989; x_wconf 90' lang='lat' dir='ltr'>ad</span> <span class='ocrx_word' id='word_1_27' title='bbox 1319 933 1461 989; x_wconf 71' lang='lat' dir='ltr'>eonem</span> 
     </span>
     <span class='ocr_line' id='line_1_5' title="bbox 411 1010 1459 1114; baseline 0 -23"><span class='ocrx_word' id='word_1_28' title='bbox 411 1016 612 1114; x_wconf 76' lang='lat' dir='ltr'>piscantium</span> <span class='ocrx_word' id='word_1_29' title='bbox 637 1013 754 1095; x_wconf 81' lang='lat' dir='ltr'>liram,</span> <span class='ocrx_word' id='word_1_30' title='bbox 782 1010 837 1086; x_wconf 85' lang='lat' dir='ltr'>sed</span> <span class='ocrx_word' id='word_1_31' title='bbox 862 1033 927 1087; x_wconf 89' lang='lat' dir='ltr'>nec</span> <span class='ocrx_word' id='word_1_32' title='bbox 947 1018 1054 1087; x_wconf 91' lang='lat' dir='ltr'>etiam</span> <span class='ocrx_word' id='word_1_33' title='bbox 1074 1013 1119 1089; x_wconf 89' lang='lat' dir='ltr'>de</span> <span class='ocrx_word' id='word_1_34' title='bbox 1142 1014 1215 1090; x_wconf 83' lang='lat' dir='ltr'>hoc</span> <span class='ocrx_word' id='word_1_35' title='bbox 1238 1011 1459 1100; x_wconf 81' lang='lat' dir='ltr'>curans,·sed</span> 
     </span>
     <span class='ocr_line' id='line_1_6' title="bbox 409 1110 1457 1194; baseline -0.006 0"><span class='ocrx_word' id='word_1_36' title='bbox 409 1118 533 1194; x_wconf 80' lang='lat' dir='ltr'>rolens</span> <span class='ocrx_word' id='word_1_37' title='bbox 558 1111 749 1189; x_wconf 76' lang='lat' dir='ltr'>satisfacere</span> <span class='ocrx_word' id='word_1_38' title='bbox 783 1110 959 1188; x_wconf 83' lang='lat' dir='ltr'>voluntati</span> <span class='ocrx_word' id='word_1_39' title='bbox 992 1111 1061 1188; x_wconf 74' lang='lat' dir='ltr'>suae</span> <span class='ocrx_word' id='word_1_40' title='bbox 1077 1155 1087 1187; x_wconf 79' lang='lat' dir='ltr'>t</span> <span class='ocrx_word' id='word_1_41' title='bbox 1102 1113 1159 1192; x_wconf 92' lang='lat' dir='ltr'>seu</span> <span class='ocrx_word' id='word_1_42' title='bbox 1189 1114 1318 1190; x_wconf 83' lang='lat' dir='ltr'>levitati</span> <span class='ocrx_word' id='word_1_43' title='bbox 1340 1117 1376 1190; x_wconf 91' lang='lat' dir='ltr'>in</span> <span class='ocrx_word' id='word_1_44' title='bbox 1400 1111 1457 1188; x_wconf 88' lang='lat' dir='ltr'>di·</span> 
     </span>
     <span class='ocr_line' id='line_1_7' title="bbox 410 1211 1455 1310; baseline -0.009 -15"><span class='ocrx_word' id='word_1_45' title='bbox 410 1213 602 1295; x_wconf 88' lang='lat' dir='ltr'>scurrendo</span> <span class='ocrx_word' id='word_1_46' title='bbox 626 1234 688 1310; x_wconf 84' lang='lat' dir='ltr'>per</span> <span class='ocrx_word' id='word_1_47' title='bbox 711 1212 811 1298; x_wconf 83' lang='lat' dir='ltr'>loct,</span> <span class='ocrx_word' id='word_1_48' title='bbox 830 1211 885 1287; x_wconf 88' lang='lat' dir='ltr'>vel</span> <span class='ocrx_word' id='word_1_49' title='bbox 906 1214 1083 1288; x_wconf 88' lang='lat' dir='ltr'>morando</span> <span class='ocrx_word' id='word_1_50' title='bbox 1097 1213 1141 1291; x_wconf 90' lang='lat' dir='ltr'>ad</span> <span class='ocrx_word' id='word_1_51' title='bbox 1160 1214 1455 1300; x_wconf 86' lang='lat' dir='ltr'>ostiumdomus,</span> 
     </span>
     <span class='ocr_line' id='line_1_8' title="bbox 411 1311 1456 1405; baseline -0.006 -10"><span class='ocrx_word' id='word_1_52' title='bbox 411 1315 466 1395; x_wconf 81' lang='lat' dir='ltr'>tel</span> <span class='ocrx_word' id='word_1_53' title='bbox 484 1312 668 1397; x_wconf 84' lang='lat' dir='ltr'>fenestras,</span> <span class='ocrx_word' id='word_1_54' title='bbox 687 1331 734 1386; x_wconf 87' lang='lat' dir='ltr'>ex</span> <span class='ocrx_word' id='word_1_55' title='bbox 746 1311 899 1405; x_wconf 90' lang='lat' dir='ltr'>quadam</span> <span class='ocrx_word' id='word_1_56' title='bbox 916 1311 1138 1398; x_wconf 79' lang='lat' dir='ltr'>curiositate,</span> <span class='ocrx_word' id='word_1_57' title='bbox 1157 1314 1212 1388; x_wconf 85' lang='lat' dir='ltr'>vel</span> <span class='ocrx_word' id='word_1_58' title='bbox 1227 1319 1397 1396; x_wconf 88' lang='lat' dir='ltr'>vanitate,</span> <span class='ocrx_word' id='word_1_59' title='bbox 1414 1325 1456 1389; x_wconf 91' lang='lat' dir='ltr'>ut</span> 
     </span>
     <span class='ocr_line' id='line_1_9' title="bbox 410 1403 1458 1505; baseline -0.007 -13"><span class='ocrx_word' id='word_1_60' title='bbox 410 1416 572 1493; x_wconf 82' lang='lat' dir='ltr'>laudetur</span> <span class='ocrx_word' id='word_1_61' title='bbox 587 1416 632 1489; x_wconf 90' lang='lat' dir='ltr'>de</span> <span class='ocrx_word' id='word_1_62' title='bbox 651 1412 929 1505; x_wconf 76' lang='lat' dir='ltr'>pulchritudine,</span> <span class='ocrx_word' id='word_1_63' title='bbox 959 1412 1111 1489; x_wconf 84' lang='lat' dir='ltr'>mortale</span> <span class='ocrx_word' id='word_1_64' title='bbox 1133 1403 1226 1492; x_wconf 83' lang='lat' dir='ltr'>effer.</span> <span class='ocrx_word' id='word_1_65' title='bbox 1264 1413 1371 1490; x_wconf 85' lang='lat' dir='ltr'>Secus</span> <span class='ocrx_word' id='word_1_66' title='bbox 1395 1436 1458 1487; x_wconf 67' lang='lat' dir='ltr'>arn</span> 
     </span>
     <span class='ocr_line' id='line_1_10' title="bbox 409 1509 1459 1609; baseline -0.004 -15"><span class='ocrx_word' id='word_1_67' title='bbox 409 1527 484 1594; x_wconf 82' lang='lat' dir='ltr'>tem</span> <span class='ocrx_word' id='word_1_68' title='bbox 508 1513 625 1588; x_wconf 90' lang='lat' dir='ltr'>lihoc</span> <span class='ocrx_word' id='word_1_69' title='bbox 647 1534 722 1587; x_wconf 92' lang='lat' dir='ltr'>non</span> <span class='ocrx_word' id='word_1_70' title='bbox 746 1511 955 1596; x_wconf 81' lang='lat' dir='ltr'>aellimaret,</span> <span class='ocrx_word' id='word_1_71' title='bbox 979 1512 1035 1588; x_wconf 74' lang='lat' dir='ltr'>tel</span> <span class='ocrx_word' id='word_1_72' title='bbox 1059 1536 1135 1588; x_wconf 91' lang='lat' dir='ltr'>non</span> <span class='ocrx_word' id='word_1_73' title='bbox 1166 1516 1256 1589; x_wconf 90' lang='lat' dir='ltr'>bene</span> <span class='ocrx_word' id='word_1_74' title='bbox 1275 1509 1459 1609; x_wconf 78' lang='lat' dir='ltr'>possetillt</span> 
     </span>
     <span class='ocr_line' id='line_1_11' title="bbox 410 1605 1546 1707; baseline -0.003 -15"><span class='ocrx_word' id='word_1_75' title='bbox 410 1617 611 1692; x_wconf 80' lang='lat' dir='ltr'>dimittere.</span> <span class='ocrx_word' id='word_1_76' title='bbox 630 1630 669 1687; x_wconf 93' lang='lat' dir='ltr'>ut</span> <span class='ocrx_word' id='word_1_77' title='bbox 685 1614 764 1707; x_wconf 88' lang='lat' dir='ltr'>quia</span> <span class='ocrx_word' id='word_1_78' title='bbox 791 1629 937 1707; x_wconf 79' lang='lat' dir='ltr'>oportet</span> <span class='ocrx_word' id='word_1_79' title='bbox 955 1614 1004 1685; x_wconf 89' lang='lat' dir='ltr'>ire</span> <span class='ocrx_word' id='word_1_80' title='bbox 1026 1616 1069 1686; x_wconf 89' lang='lat' dir='ltr'>ad</span> <span class='ocrx_word' id='word_1_81' title='bbox 1093 1612 1297 1698; x_wconf 83' lang='lat' dir='ltr'>Ecclesiam,</span> <span class='ocrx_word' id='word_1_82' title='bbox 1324 1616 1376 1686; x_wconf 86' lang='lat' dir='ltr'>vel</span> <span class='ocrx_word' id='word_1_83' title='bbox 1393 1612 1459 1689; x_wconf 80' lang='lat' dir='ltr'>alit</span> <span class='ocrx_word' id='word_1_84' title='bbox 1531 1605 1546 1636; x_wconf 79' lang='lat'><em>⁶</em></span> 
     </span>
     <span class='ocr_line' id='line_1_12' title="bbox 409 1709 1459 1807; baseline -0.006 -16"><span class='ocrx_word' id='word_1_85' title='bbox 409 1710 519 1800; x_wconf 80' lang='lat' dir='ltr'>loca,</span> <span class='ocrx_word' id='word_1_86' title='bbox 549 1714 586 1787; x_wconf 77' lang='lat' dir='ltr'>dt</span> <span class='ocrx_word' id='word_1_87' title='bbox 612 1709 803 1807; x_wconf 86' lang='lat' dir='ltr'>aliquando</span> <span class='ocrx_word' id='word_1_88' title='bbox 834 1733 917 1787; x_wconf 91' lang='lat' dir='ltr'>cum</span> <span class='ocrx_word' id='word_1_89' title='bbox 945 1714 1066 1787; x_wconf 84' lang='lat' dir='ltr'>ricinis</span> <span class='ocrx_word' id='word_1_90' title='bbox 1096 1717 1223 1788; x_wconf 90' lang='lat' dir='ltr'>morari</span> <span class='ocrx_word' id='word_1_91' title='bbox 1249 1719 1284 1788; x_wconf 90' lang='lat' dir='ltr'>in</span> <span class='ocrx_word' id='word_1_92' title='bbox 1308 1716 1388 1796; x_wconf 83' lang='lat' dir='ltr'>via,</span> <span class='ocrx_word' id='word_1_93' title='bbox 1412 1731 1459 1785; x_wconf 77' lang='lat' dir='ltr'>nt</span> 
     </span>
     <span class='ocr_line' id='line_1_13' title="bbox 411 1809 1459 1907; baseline -0.003 -17"><span class='ocrx_word' id='word_1_94' title='bbox 411 1814 536 1891; x_wconf 82' lang='lat' dir='ltr'>reddat</span> <span class='ocrx_word' id='word_1_95' title='bbox 562 1810 595 1887; x_wconf 89' lang='lat' dir='ltr'>le</span> <span class='ocrx_word' id='word_1_96' title='bbox 616 1812 687 1885; x_wconf 87' lang='lat' dir='ltr'>aliis</span> <span class='ocrx_word' id='word_1_97' title='bbox 710 1809 895 1887; x_wconf 82' lang='lat' dir='ltr'>onerosam</span> <span class='ocrx_word' id='word_1_98' title='bbox 918 1859 927 1887; x_wconf 82' lang='grc'>,</span> <span class='ocrx_word' id='word_1_99' title='bbox 948 1814 984 1886; x_wconf 83' lang='lat' dir='ltr'>dr</span> <span class='ocrx_word' id='word_1_100' title='bbox 1006 1811 1052 1887; x_wconf 88' lang='lat' dir='ltr'>de</span> <span class='ocrx_word' id='word_1_101' title='bbox 1076 1837 1113 1888; x_wconf 93' lang='lat' dir='ltr'>ea</span> <span class='ocrx_word' id='word_1_102' title='bbox 1139 1836 1177 1888; x_wconf 90' lang='lat' dir='ltr'>re</span> <span class='ocrx_word' id='word_1_103' title='bbox 1202 1811 1459 1907; x_wconf 79' lang='lat' dir='ltr'>displicentiam</span> 
     </span>
     <span class='ocr_line' id='line_1_14' title="bbox 413 1909 1463 2003; baseline -0.005 -12"><span class='ocrx_word' id='word_1_104' title='bbox 413 1915 550 1991; x_wconf 78' lang='lat' dir='ltr'>lrabeat.</span> <span class='ocrx_word' id='word_1_105' title='bbox 574 1909 741 1987; x_wconf 82' lang='lat' dir='ltr'>Similiter</span> <span class='ocrx_word' id='word_1_106' title='bbox 759 1921 844 1987; x_wconf 85' lang='lat' dir='ltr'>eum</span> <span class='ocrx_word' id='word_1_107' title='bbox 863 1914 941 2003; x_wconf 83' lang='lat' dir='ltr'>quis</span> <span class='ocrx_word' id='word_1_108' title='bbox 963 1913 1068 1988; x_wconf 89' lang='lat' dir='ltr'>habet</span> <span class='ocrx_word' id='word_1_109' title='bbox 1088 1916 1231 1989; x_wconf 86' lang='lat' dir='ltr'>nimiam</span> <span class='ocrx_word' id='word_1_110' title='bbox 1253 1912 1463 1988; x_wconf 83' lang='lat' dir='ltr'>familiarita-</span> 
     </span>
     <span class='ocr_line' id='line_1_15' title="bbox 411 2009 1464 2112; baseline -0.006 -20"><span class='ocrx_word' id='word_1_111' title='bbox 411 2029 486 2092; x_wconf 85' lang='lat' dir='ltr'>tem</span> <span class='ocrx_word' id='word_1_112' title='bbox 507 2020 592 2088; x_wconf 88' lang='lat' dir='ltr'>cuui</span> <span class='ocrx_word' id='word_1_113' title='bbox 612 2012 725 2106; x_wconf 84' lang='lat' dir='ltr'>aliqua</span> <span class='ocrx_word' id='word_1_114' title='bbox 749 2009 897 2109; x_wconf 85' lang='lat' dir='ltr'>persona</span> <span class='ocrx_word' id='word_1_115' title='bbox 924 2009 1096 2109; x_wconf 80' lang='lat' dir='ltr'>suspetla,</span> <span class='ocrx_word' id='word_1_116' title='bbox 1119 2015 1155 2089; x_wconf 84' lang='lat' dir='ltr'>dt</span> <span class='ocrx_word' id='word_1_117' title='bbox 1176 2012 1278 2090; x_wconf 87' lang='lat' dir='ltr'>sentit</span> <span class='ocrx_word' id='word_1_118' title='bbox 1296 2013 1464 2112; x_wconf 69' lang='lat' dir='ltr'>homines</span> 
     </span>
     <span class='ocr_line' id='line_1_16' title="bbox 411 2107 1464 2205; baseline -0.005 -16"><span class='ocrx_word' id='word_1_119' title='bbox 411 2112 658 2196; x_wconf 83' lang='lat' dir='ltr'>scandalizari,</span> <span class='ocrx_word' id='word_1_120' title='bbox 686 2107 812 2188; x_wconf 87' lang='lat' dir='ltr'>nefaria</span> <span class='ocrx_word' id='word_1_121' title='bbox 831 2109 877 2186; x_wconf 90' lang='lat' dir='ltr'>de</span> <span class='ocrx_word' id='word_1_122' title='bbox 897 2113 944 2185; x_wconf 87' lang='lat' dir='ltr'>eis</span> <span class='ocrx_word' id='word_1_123' title='bbox 961 2113 1232 2205; x_wconf 79' lang='lat' dir='ltr'>judicando,&amp;</span> <span class='ocrx_word' id='word_1_124' title='bbox 1255 2113 1291 2190; x_wconf 93' lang='lat' dir='ltr'>lo</span> <span class='ocrx_word' id='word_1_125' title='bbox 1321 2110 1464 2195; x_wconf 87' lang='lat' dir='ltr'>nendo,</span> 
     </span>
     <span class='ocr_line' id='line_1_17' title="bbox 413 2136 1468 2310; baseline -0.003 -22"><span class='ocrx_word' id='word_1_126' title='bbox 413 2235 482 2289; x_wconf 85' lang='lat' dir='ltr'>nec</span> <span class='ocrx_word' id='word_1_127' title='bbox 498 2210 573 2290; x_wconf 81' lang='lat' dir='ltr'>vult</span> <span class='ocrx_word' id='word_1_128' title='bbox 594 2211 795 2286; x_wconf 77' lang='lat' dir='ltr'>dimittere.</span> <span class='ocrx_word' id='word_1_129' title='bbox 816 2230 890 2285; x_wconf 91' lang='lat' dir='ltr'>non</span> <span class='ocrx_word' id='word_1_130' title='bbox 919 2232 1069 2296; x_wconf 84' lang='lat' dir='ltr'>curans,</span> <span class='ocrx_word' id='word_1_131' title='bbox 1095 2213 1197 2310; x_wconf 92' lang='lat' dir='ltr'>quod</span> <span class='ocrx_word' id='word_1_132' title='bbox 1221 2213 1277 2289; x_wconf 87' lang='lat' dir='ltr'>alii</span> <span class='ocrx_word' id='word_1_133' title='bbox 1294 2136 1468 2289; x_wconf 43' lang='lat' dir='ltr'>‘ricaudus-</span> 
     </span>
    </p>
   </div>
   <div class='ocr_carea' id='block_1_3' title="bbox 416 2309 1469 2710">
    <p class='ocr_par' dir='ltr' id='par_1_3' title="bbox 416 2309 1469 2710">
     <span class='ocr_line' id='line_1_18' title="bbox 416 2309 1466 2408; baseline -0.001 -19"><span class='ocrx_word' id='word_1_134' title='bbox 416 2321 565 2396; x_wconf 81' lang='lat' dir='ltr'>z&#39;entor,</span> <span class='ocrx_word' id='word_1_135' title='bbox 588 2315 747 2405; x_wconf 86' lang='lat' dir='ltr'>quamvis</span> <span class='ocrx_word' id='word_1_136' title='bbox 761 2325 836 2387; x_wconf 90' lang='lat' dir='ltr'>non</span> <span class='ocrx_word' id='word_1_137' title='bbox 851 2309 1010 2387; x_wconf 92' lang='lat' dir='ltr'>intendat</span> <span class='ocrx_word' id='word_1_138' title='bbox 1029 2309 1174 2408; x_wconf 84' lang='lat' dir='ltr'>aliquod</span> <span class='ocrx_word' id='word_1_139' title='bbox 1190 2311 1382 2396; x_wconf 82' lang='lat' dir='ltr'>nefarium,</span> <span class='ocrx_word' id='word_1_140' title='bbox 1396 2330 1466 2388; x_wconf 85' lang='lat' dir='ltr'>nec</span> 
     </span>
     <span class='ocr_line' id='line_1_19' title="bbox 417 2405 1467 2495; baseline -0.002 -9"><span class='ocrx_word' id='word_1_141' title='bbox 417 2414 499 2487; x_wconf 84' lang='lat' dir='ltr'>illus</span> <span class='ocrx_word' id='word_1_142' title='bbox 518 2410 764 2495; x_wconf 82' lang='lat' dir='ltr'>scandalizare,</span> <span class='ocrx_word' id='word_1_143' title='bbox 781 2433 865 2487; x_wconf 90' lang='lat' dir='ltr'>cum</span> <span class='ocrx_word' id='word_1_144' title='bbox 886 2433 960 2485; x_wconf 92' lang='lat' dir='ltr'>non</span> <span class='ocrx_word' id='word_1_145' title='bbox 982 2410 1085 2488; x_wconf 89' lang='lat' dir='ltr'>snbsrt</span> <span class='ocrx_word' id='word_1_146' title='bbox 1109 2411 1207 2490; x_wconf 88' lang='lat' dir='ltr'>caula</span> <span class='ocrx_word' id='word_1_147' title='bbox 1230 2405 1411 2488; x_wconf 85' lang='lat' dir='ltr'>necessaria</span> <span class='ocrx_word' id='word_1_148' title='bbox 1426 2410 1467 2484; x_wconf 90' lang='lat' dir='ltr'>il·</span> 
     </span>
     <span class='ocr_line' id='line_1_20' title="bbox 418 2503 1465 2604; baseline -0.002 -17"><span class='ocrx_word' id='word_1_149' title='bbox 418 2511 484 2588; x_wconf 90' lang='lat' dir='ltr'>lius</span> <span class='ocrx_word' id='word_1_150' title='bbox 503 2511 740 2586; x_wconf 85' lang='lat' dir='ltr'>familiaritatis</span> <span class='ocrx_word' id='word_1_151' title='bbox 762 2564 772 2595; x_wconf 90' lang='lat'>,</span> <span class='ocrx_word' id='word_1_152' title='bbox 799 2525 923 2604; x_wconf 84' lang='lat' dir='ltr'>peccat</span> <span class='ocrx_word' id='word_1_153' title='bbox 943 2512 1137 2587; x_wconf 88' lang='lat' dir='ltr'>mortaliter</span> <span class='ocrx_word' id='word_1_154' title='bbox 1165 2510 1286 2587; x_wconf 92' lang='lat' dir='ltr'>dando</span> <span class='ocrx_word' id='word_1_155' title='bbox 1307 2503 1465 2587; x_wconf 83' lang='lat' dir='ltr'>occafid·</span> 
     </span>
     <span class='ocr_line' id='line_1_21' title="bbox 417 2607 1469 2710; baseline -0.006 -22"><span class='ocrx_word' id='word_1_156' title='bbox 417 2633 500 2688; x_wconf 88' lang='lat' dir='ltr'>nem</span> <span class='ocrx_word' id='word_1_157' title='bbox 513 2611 719 2688; x_wconf 79' lang='lat' dir='ltr'>tallrruinae·</span> <span class='ocrx_word' id='word_1_158' title='bbox 750 2607 792 2686; x_wconf 83' lang='lat' dir='ltr'>Et</span> <span class='ocrx_word' id='word_1_159' title='bbox 803 2611 846 2686; x_wconf 89' lang='lat' dir='ltr'>de</span> <span class='ocrx_word' id='word_1_160' title='bbox 860 2608 932 2686; x_wconf 84' lang='lat' dir='ltr'>hoc</span> <span class='ocrx_word' id='word_1_161' title='bbox 942 2611 1147 2710; x_wconf 83' lang='lat' dir='ltr'>intelligitur</span> <span class='ocrx_word' id='word_1_162' title='bbox 1159 2612 1245 2688; x_wconf 92' lang='lat' dir='ltr'>illud</span> <span class='ocrx_word' id='word_1_163' title='bbox 1263 2610 1469 2696; x_wconf 65' lang='lat' dir='ltr'>lllatthms.¹</span> 
     </span>
    </p>
   </div>
   <div class='ocr_carea' id='block_1_4' title="bbox 399 2711 1495 4492">
    <p class='ocr_par' dir='ltr' id='par_1_4' title="bbox 417 2711 1468 2812">
     <span class='ocr_line' id='line_1_22' title="bbox 417 2711 1468 2812; baseline -0.004 -30"><span class='ocrx_word' id='word_1_164' title='bbox 417 2714 472 2785; x_wconf 72' lang='lat' dir='ltr'>Va</span> <span class='ocrx_word' id='word_1_165' title='bbox 485 2713 555 2802; x_wconf 80' lang='lat' dir='ltr'>tui,</span> <span class='ocrx_word' id='word_1_166' title='bbox 579 2730 638 2803; x_wconf 82' lang='lat' dir='ltr'>per</span> <span class='ocrx_word' id='word_1_167' title='bbox 660 2732 752 2805; x_wconf 81' lang='lat' dir='ltr'>quem</span> <span class='ocrx_word' id='word_1_168' title='bbox 766 2712 949 2795; x_wconf 78' lang='lat' dir='ltr'>scandalum</span> <span class='ocrx_word' id='word_1_169' title='bbox 971 2717 1077 2783; x_wconf 83' lang='lat' dir='ltr'>venit.</span> <span class='ocrx_word' id='word_1_170' title='bbox 1119 2711 1173 2784; x_wconf 72' lang='lat' dir='ltr'>Va</span> <span class='ocrx_word' id='word_1_171' title='bbox 1190 2731 1308 2789; x_wconf 77' lang='lat' dir='ltr'>tutem</span> <span class='ocrx_word' id='word_1_172' title='bbox 1330 2715 1468 2812; x_wconf 78' lang='lat' dir='ltr'>impor-</span> 
     </span>
    </p>

    <p class='ocr_par' dir='ltr' id='par_1_5' title="bbox 404 2809 1466 2909">
     <span class='ocr_line' id='line_1_23' title="bbox 404 2809 1466 2909; baseline -0.001 -20"><span class='ocrx_word' id='word_1_173' title='bbox 404 2827 469 2889; x_wconf 85' lang='lat' dir='ltr'>tat</span> <span class='ocrx_word' id='word_1_174' title='bbox 491 2811 757 2887; x_wconf 90' lang='lat' dir='ltr'>damnationem</span> <span class='ocrx_word' id='word_1_175' title='bbox 781 2825 979 2895; x_wconf 76' lang='lat' dir='ltr'>aternam,</span> <span class='ocrx_word' id='word_1_176' title='bbox 1009 2812 1045 2888; x_wconf 79' lang='lat' dir='ltr'>dr</span> <span class='ocrx_word' id='word_1_177' title='bbox 1073 2809 1249 2909; x_wconf 79' lang='lat' dir='ltr'>signanter</span> <span class='ocrx_word' id='word_1_178' title='bbox 1269 2813 1379 2900; x_wconf 89' lang='lat' dir='ltr'>dicit,</span> <span class='ocrx_word' id='word_1_179' title='bbox 1405 2834 1466 2878; x_wconf 80' lang='lat' dir='ltr'>ae.</span> 
     </span>
    </p>

    <p class='ocr_par' dir='ltr' id='par_1_6' title="bbox 418 2909 1465 3008">
     <span class='ocr_line' id='line_1_24' title="bbox 418 2909 1465 3008; baseline 0.005 -26"><span class='ocrx_word' id='word_1_180' title='bbox 418 2914 493 2984; x_wconf 81' lang='lat' dir='ltr'>nit,</span> <span class='ocrx_word' id='word_1_181' title='bbox 515 2911 610 3008; x_wconf 83' lang='lat' dir='ltr'>quast</span> <span class='ocrx_word' id='word_1_182' title='bbox 626 2910 720 2986; x_wconf 89' lang='lat' dir='ltr'>dicat</span> <span class='ocrx_word' id='word_1_183' title='bbox 744 2956 754 2988; x_wconf 67' lang='lat'><em>2</em></span> <span class='ocrx_word' id='word_1_184' title='bbox 782 2909 914 2987; x_wconf 83' lang='lat' dir='ltr'>etiamfi</span> <span class='ocrx_word' id='word_1_185' title='bbox 938 2912 1010 2989; x_wconf 90' lang='lat' dir='ltr'>hoc</span> <span class='ocrx_word' id='word_1_186' title='bbox 1037 2936 1110 2988; x_wconf 90' lang='lat' dir='ltr'>non</span> <span class='ocrx_word' id='word_1_187' title='bbox 1137 2914 1358 2990; x_wconf 81' lang='lat' dir='ltr'>intenderet,</span> <span class='ocrx_word' id='word_1_188' title='bbox 1377 2911 1465 2987; x_wconf 82' lang='lat' dir='ltr'>scili·</span> 
     </span>
    </p>

    <p class='ocr_par' dir='ltr' id='par_1_7' title="bbox 420 3011 1462 3107">
     <span class='ocr_line' id='line_1_25' title="bbox 420 3011 1462 3107; baseline -0.004 -19"><span class='ocrx_word' id='word_1_189' title='bbox 420 3028 478 3089; x_wconf 90' lang='lat' dir='ltr'>cet</span> <span class='ocrx_word' id='word_1_190' title='bbox 497 3011 749 3086; x_wconf 73' lang='lat' dir='ltr'>scandalizare,</span> <span class='ocrx_word' id='word_1_191' title='bbox 773 3026 892 3085; x_wconf 87' lang='lat' dir='ltr'>tamen</span> <span class='ocrx_word' id='word_1_192' title='bbox 914 3015 988 3106; x_wconf 86' lang='lat' dir='ltr'>ejus</span> <span class='ocrx_word' id='word_1_193' title='bbox 1004 3036 1095 3106; x_wconf 85' lang='lat' dir='ltr'>opus</span> <span class='ocrx_word' id='word_1_194' title='bbox 1114 3013 1182 3088; x_wconf 87' lang='lat' dir='ltr'>tale</span> <span class='ocrx_word' id='word_1_195' title='bbox 1200 3012 1265 3095; x_wconf 89' lang='lat' dir='ltr'>est,</span> <span class='ocrx_word' id='word_1_196' title='bbox 1293 3012 1392 3107; x_wconf 90' lang='lat' dir='ltr'>quod</span> <span class='ocrx_word' id='word_1_197' title='bbox 1407 3016 1462 3086; x_wconf 89' lang='lat' dir='ltr'>in·</span> 
     </span>
    </p>

    <p class='ocr_par' dir='ltr' id='par_1_8' title="bbox 421 3108 1461 3206">
     <span class='ocr_line' id='line_1_26' title="bbox 421 3108 1461 3206; baseline -0.003 -19"><span class='ocrx_word' id='word_1_198' title='bbox 421 3114 468 3187; x_wconf 90' lang='lat' dir='ltr'>de</span> <span class='ocrx_word' id='word_1_199' title='bbox 494 3114 590 3187; x_wconf 84' lang='lat' dir='ltr'>venit</span> <span class='ocrx_word' id='word_1_200' title='bbox 612 3110 823 3186; x_wconf 86' lang='lat' dir='ltr'>scandalum.</span> <span class='ocrx_word' id='word_1_201' title='bbox 850 3108 887 3185; x_wconf 91' lang='grc' dir='ltr'>Ο</span> <span class='ocrx_word' id='word_1_202' title='bbox 907 3135 1012 3205; x_wconf 89' lang='lat' dir='ltr'>quam</span> <span class='ocrx_word' id='word_1_203' title='bbox 1034 3110 1108 3187; x_wconf 89' lang='lat' dir='ltr'>hoc</span> <span class='ocrx_word' id='word_1_204' title='bbox 1132 3111 1321 3186; x_wconf 72' lang='lat' dir='ltr'>miserabile</span> <span class='ocrx_word' id='word_1_205' title='bbox 1338 3133 1461 3206; x_wconf 87' lang='lat' dir='ltr'>pecca·</span> 
     </span>
    </p>

    <p class='ocr_par' dir='ltr' id='par_1_9' title="bbox 421 3206 1462 3297">
     <span class='ocr_line' id='line_1_27' title="bbox 421 3206 1462 3297; baseline -0.003 -9"><span class='ocrx_word' id='word_1_206' title='bbox 421 3228 502 3288; x_wconf 87' lang='lat' dir='ltr'>tum</span> <span class='ocrx_word' id='word_1_207' title='bbox 524 3212 557 3285; x_wconf 95' lang='lat' dir='ltr'>in</span> <span class='ocrx_word' id='word_1_208' title='bbox 579 3208 716 3286; x_wconf 91' lang='lat' dir='ltr'>mundo</span> <span class='ocrx_word' id='word_1_209' title='bbox 736 3210 910 3297; x_wconf 86' lang='lat' dir='ltr'>abundat,</span> <span class='ocrx_word' id='word_1_210' title='bbox 931 3207 969 3287; x_wconf 74' lang='grc' dir='ltr'>δι’</span> <span class='ocrx_word' id='word_1_211' title='bbox 989 3211 1119 3285; x_wconf 91' lang='lat' dir='ltr'>nullam</span> <span class='ocrx_word' id='word_1_212' title='bbox 1140 3211 1200 3287; x_wconf 81' lang='lat' dir='ltr'>sibi</span> <span class='ocrx_word' id='word_1_213' title='bbox 1215 3206 1378 3286; x_wconf 80' lang='lat' dir='ltr'>videntur</span> <span class='ocrx_word' id='word_1_214' title='bbox 1392 3211 1462 3285; x_wconf 83' lang='lat' dir='ltr'>lio-</span> 
     </span>
    </p>

    <p class='ocr_par' dir='ltr' id='par_1_10' title="bbox 421 3308 1463 3388">
     <span class='ocr_line' id='line_1_28' title="bbox 421 3308 1463 3388; baseline -0.003 0"><span class='ocrx_word' id='word_1_215' title='bbox 421 3315 536 3388; x_wconf 87' lang='lat' dir='ltr'>mines</span> <span class='ocrx_word' id='word_1_216' title='bbox 559 3309 672 3386; x_wconf 86' lang='lat' dir='ltr'>lacere</span> <span class='ocrx_word' id='word_1_217' title='bbox 701 3310 976 3386; x_wconf 78' lang='lat' dir='ltr'>conscientiam!</span> <span class='ocrx_word' id='word_1_218' title='bbox 1001 3308 1160 3388; x_wconf 87' lang='lat' dir='ltr'>Ornatus</span> <span class='ocrx_word' id='word_1_219' title='bbox 1184 3311 1370 3386; x_wconf 88' lang='lat' dir='ltr'>mulierum</span> <span class='ocrx_word' id='word_1_220' title='bbox 1389 3328 1463 3385; x_wconf 81' lang='lat' dir='ltr'>ram</span> 
     </span>
    </p>

    <p class='ocr_par' dir='ltr' id='par_1_11' title="bbox 421 3407 1468 3506">
     <span class='ocr_line' id='line_1_29' title="bbox 421 3407 1468 3506; baseline 0 -18"><span class='ocrx_word' id='word_1_221' title='bbox 421 3435 557 3494; x_wconf 80' lang='lat' dir='ltr'>vanus,</span> <span class='ocrx_word' id='word_1_222' title='bbox 577 3409 806 3506; x_wconf 78' lang='lat' dir='ltr'>tripudiatur,</span> <span class='ocrx_word' id='word_1_223' title='bbox 823 3410 859 3482; x_wconf 78' lang='lat' dir='ltr'>da</span> <span class='ocrx_word' id='word_1_224' title='bbox 884 3429 1027 3496; x_wconf 88' lang='lat' dir='ltr'>cantus,</span> <span class='ocrx_word' id='word_1_225' title='bbox 1043 3413 1128 3504; x_wconf 91' lang='lat' dir='ltr'>quid</span> <span class='ocrx_word' id='word_1_226' title='bbox 1152 3412 1201 3487; x_wconf 88' lang='lat' dir='ltr'>est</span> <span class='ocrx_word' id='word_1_227' title='bbox 1220 3407 1280 3484; x_wconf 84' lang='lat' dir='ltr'>nisi</span> <span class='ocrx_word' id='word_1_228' title='bbox 1296 3431 1468 3504; x_wconf 82' lang='lat' dir='ltr'>magnum</span> 
     </span>
    </p>

    <p class='ocr_par' dir='ltr' id='par_1_12' title="bbox 420 3509 1470 3606">
     <span class='ocr_line' id='line_1_30' title="bbox 420 3509 1470 3606; baseline -0.013 -17"><span class='ocrx_word' id='word_1_229' title='bbox 420 3509 642 3589; x_wconf 74' lang='lat' dir='ltr'>scandalum,</span> <span class='ocrx_word' id='word_1_230' title='bbox 668 3509 704 3584; x_wconf 69' lang='grc' dir='ltr'>ἃ</span> <span class='ocrx_word' id='word_1_231' title='bbox 731 3512 874 3606; x_wconf 88' lang='lat' dir='ltr'>laqueus</span> <span class='ocrx_word' id='word_1_232' title='bbox 897 3510 1122 3586; x_wconf 86' lang='lat' dir='ltr'>animarum?</span> <span class='ocrx_word' id='word_1_233' title='bbox 1145 3512 1227 3581; x_wconf 81' lang='lat' dir='ltr'>Ecce</span> <span class='ocrx_word' id='word_1_234' title='bbox 1248 3510 1364 3579; x_wconf 81' lang='lat' dir='ltr'>mulier</span> <span class='ocrx_word' id='word_1_235' title='bbox 1384 3513 1470 3595; x_wconf 78' lang='lat' dir='ltr'>lin.</span> 
     </span>
    </p>

    <p class='ocr_par' dir='ltr' id='par_1_13' title="bbox 421 3604 1471 3707">
     <span class='ocr_line' id='line_1_31' title="bbox 421 3604 1471 3707; baseline -0.008 -20"><span class='ocrx_word' id='word_1_236' title='bbox 421 3615 503 3707; x_wconf 91' lang='lat' dir='ltr'>quit</span> <span class='ocrx_word' id='word_1_237' title='bbox 538 3609 709 3686; x_wconf 84' lang='lat' dir='ltr'>Salomon</span> <span class='ocrx_word' id='word_1_238' title='bbox 731 3607 872 3698; x_wconf 77' lang='lat' dir='ltr'>Prot-7</span> <span class='ocrx_word' id='word_1_239' title='bbox 899 3604 917 3693; x_wconf 92' lang='lat'>)</span> <span class='ocrx_word' id='word_1_240' title='bbox 946 3615 979 3677; x_wconf 81' lang='lat' dir='ltr'>in</span> <span class='ocrx_word' id='word_1_241' title='bbox 997 3607 1111 3680; x_wconf 73' lang='lat' dir='ltr'>lrabiru</span> <span class='ocrx_word' id='word_1_242' title='bbox 1140 3628 1255 3681; x_wconf 81' lang='lat' dir='ltr'>ornata</span> <span class='ocrx_word' id='word_1_243' title='bbox 1280 3613 1471 3679; x_wconf 74' lang='lat' dir='ltr'>meretricio</span> 
     </span>
    </p>

    <p class='ocr_par' dir='ltr' id='par_1_14' title="bbox 421 3708 1495 4106">
     <span class='ocr_line' id='line_1_32' title="bbox 421 3708 1474 3806; baseline -0.002 -20"><span class='ocrx_word' id='word_1_244' title='bbox 421 3714 465 3781; x_wconf 72' lang='lat' dir='ltr'>ud</span> <span class='ocrx_word' id='word_1_245' title='bbox 482 3711 652 3802; x_wconf 77' lang='lat' dir='ltr'>capiendas</span> <span class='ocrx_word' id='word_1_246' title='bbox 672 3710 807 3777; x_wconf 77' lang='lat' dir='ltr'>animat.</span> <span class='ocrx_word' id='word_1_247' title='bbox 835 3708 945 3802; x_wconf 83' lang='lat' dir='ltr'>Quasi</span> <span class='ocrx_word' id='word_1_248' title='bbox 962 3711 1075 3793; x_wconf 89' lang='lat' dir='ltr'>dieat,</span> <span class='ocrx_word' id='word_1_249' title='bbox 1098 3725 1265 3806; x_wconf 82' lang='lat' dir='ltr'>operatur</span> <span class='ocrx_word' id='word_1_250' title='bbox 1289 3709 1345 3784; x_wconf 89' lang='lat' dir='ltr'>ille</span> <span class='ocrx_word' id='word_1_251' title='bbox 1368 3731 1474 3784; x_wconf 90' lang='lat' dir='ltr'>orna-</span> 
     </span>
     <span class='ocr_line' id='line_1_33' title="bbox 422 3807 1475 3908; baseline -0.001 -20"><span class='ocrx_word' id='word_1_252' title='bbox 422 3824 482 3888; x_wconf 84' lang='lat' dir='ltr'>tus</span> <span class='ocrx_word' id='word_1_253' title='bbox 513 3808 557 3885; x_wconf 93' lang='lat' dir='ltr'>ad</span> <span class='ocrx_word' id='word_1_254' title='bbox 580 3807 908 3894; x_wconf 83' lang='lat' dir='ltr'>scandalizandum.</span> <span class='ocrx_word' id='word_1_255' title='bbox 933 3811 968 3886; x_wconf 90' lang='lat'>&amp;</span> <span class='ocrx_word' id='word_1_256' title='bbox 997 3811 1208 3908; x_wconf 85' lang='lat' dir='ltr'>capiendum</span> <span class='ocrx_word' id='word_1_257' title='bbox 1235 3813 1370 3885; x_wconf 87' lang='lat' dir='ltr'>animas·</span> <span class='ocrx_word' id='word_1_258' title='bbox 1389 3832 1475 3904; x_wconf 80' lang='lat' dir='ltr'>pec·</span> 
     </span>
     <span class='ocr_line' id='line_1_34' title="bbox 425 3906 1495 4007; baseline 0.001 -21"><span class='ocrx_word' id='word_1_259' title='bbox 425 3924 511 3986; x_wconf 90' lang='lat' dir='ltr'>cato</span> <span class='ocrx_word' id='word_1_260' title='bbox 528 3909 687 3985; x_wconf 80' lang='lat' dir='ltr'>luxuriae·</span> <span class='ocrx_word' id='word_1_261' title='bbox 717 3906 860 3993; x_wconf 86' lang='lat' dir='ltr'>Verba,</span> <span class='ocrx_word' id='word_1_262' title='bbox 881 3913 917 3985; x_wconf 82' lang='lat' dir='ltr'>ua</span> <span class='ocrx_word' id='word_1_263' title='bbox 935 3910 1052 4007; x_wconf 81' lang='lat' dir='ltr'>gellus</span> <span class='ocrx_word' id='word_1_264' title='bbox 1077 3910 1218 3987; x_wconf 82' lang='lat' dir='ltr'>lasciviis</span> <span class='ocrx_word' id='word_1_265' title='bbox 1242 3909 1364 4004; x_wconf 82' lang='lat' dir='ltr'>plena,</span> <span class='ocrx_word' id='word_1_266' title='bbox 1389 3932 1495 4006; x_wconf 78' lang='lat' dir='ltr'>quae.</span> 
     </span>
     <span class='ocr_line' id='line_1_35' title="bbox 424 4008 1470 4106; baseline 0.001 -21"><span class='ocrx_word' id='word_1_267' title='bbox 424 4011 555 4087; x_wconf 89' lang='lat' dir='ltr'>dicunt</span> <span class='ocrx_word' id='word_1_268' title='bbox 579 4008 741 4102; x_wconf 84' lang='lat' dir='ltr'>quotidie</span> <span class='ocrx_word' id='word_1_269' title='bbox 756 4011 900 4102; x_wconf 83' lang='lat' dir='ltr'>juvenes</span> <span class='ocrx_word' id='word_1_270' title='bbox 920 4013 1073 4086; x_wconf 88' lang='lat' dir='ltr'>invicem</span> <span class='ocrx_word' id='word_1_271' title='bbox 1090 4033 1134 4086; x_wconf 84' lang='lat' dir='ltr'>ex</span> <span class='ocrx_word' id='word_1_272' title='bbox 1153 4011 1387 4106; x_wconf 83' lang='lat' dir='ltr'>loquacitate,</span> <span class='ocrx_word' id='word_1_273' title='bbox 1411 4011 1470 4086; x_wconf 75' lang='lat' dir='ltr'>vel</span> 
     </span>
    </p>

    <p class='ocr_par' dir='ltr' id='par_1_15' title="bbox 426 4105 1472 4207">
     <span class='ocr_line' id='line_1_36' title="bbox 426 4105 1472 4207; baseline -0.001 -21"><span class='ocrx_word' id='word_1_274' title='bbox 426 4109 575 4193; x_wconf 87' lang='lat' dir='ltr'>solatio,</span> <span class='ocrx_word' id='word_1_275' title='bbox 591 4107 679 4203; x_wconf 89' lang='lat' dir='ltr'>quid</span> <span class='ocrx_word' id='word_1_276' title='bbox 704 4108 783 4185; x_wconf 91' lang='lat' dir='ltr'>sunt</span> <span class='ocrx_word' id='word_1_277' title='bbox 816 4108 876 4185; x_wconf 91' lang='lat' dir='ltr'>nisr</span> <span class='ocrx_word' id='word_1_278' title='bbox 900 4132 1073 4207; x_wconf 87' lang='lat' dir='ltr'>magnum</span> <span class='ocrx_word' id='word_1_279' title='bbox 1100 4109 1299 4188; x_wconf 89' lang='lat' dir='ltr'>scandalum</span> <span class='ocrx_word' id='word_1_280' title='bbox 1327 4105 1411 4194; x_wconf 79' lang='lat' dir='ltr'>sibi,</span> <span class='ocrx_word' id='word_1_281' title='bbox 1432 4111 1472 4185; x_wconf 73' lang='lat' dir='ltr'>tlt</span> 
     </span>
    </p>

    <p class='ocr_par' dir='ltr' id='par_1_16' title="bbox 399 4207 1480 4492">
     <span class='ocr_line' id='line_1_37' title="bbox 421 4207 1474 4301; baseline -0.012 -14"><span class='ocrx_word' id='word_1_282' title='bbox 421 4210 501 4287; x_wconf 76' lang='lat' dir='ltr'>alsit</span> <span class='ocrx_word' id='word_1_283' title='bbox 524 4209 772 4284; x_wconf 78' lang='lat' dir='ltr'>audientibus?</span> <span class='ocrx_word' id='word_1_284' title='bbox 797 4216 1015 4301; x_wconf 84' lang='lat' dir='ltr'>Corrumpunt</span> <span class='ocrx_word' id='word_1_285' title='bbox 1029 4212 1115 4279; x_wconf 86' lang='lat' dir='ltr'>enim</span> <span class='ocrx_word' id='word_1_286' title='bbox 1137 4207 1233 4279; x_wconf 84' lang='lat' dir='ltr'>bonos</span> <span class='ocrx_word' id='word_1_287' title='bbox 1257 4231 1360 4277; x_wconf 86' lang='lat' dir='ltr'>morer</span> <span class='ocrx_word' id='word_1_288' title='bbox 1381 4211 1474 4278; x_wconf 84' lang='lat' dir='ltr'>rollo-</span> 
     </span>
     <span class='ocr_line' id='line_1_38' title="bbox 399 4307 1480 4406; baseline 0.001 -24"><span class='ocrx_word' id='word_1_289' title='bbox 399 4312 504 4406; x_wconf 80' lang='lat' dir='ltr'>--quia</span> <span class='ocrx_word' id='word_1_290' title='bbox 531 4310 619 4377; x_wconf 77' lang='lat' dir='ltr'>mala</span> <span class='ocrx_word' id='word_1_291' title='bbox 648 4307 1117 4402; x_wconf 75' lang='lat' dir='ltr'>saitupost·r.Cor·15.l</span> <span class='ocrx_word' id='word_1_292' title='bbox 1142 4307 1398 4393; x_wconf 77' lang='lat' dir='ltr'>Contumeliae,</span> <span class='ocrx_word' id='word_1_293' title='bbox 1416 4311 1480 4383; x_wconf 65' lang='lat' dir='ltr'>des</span> 
     </span>
     <span class='ocr_line' id='line_1_39' title="bbox 426 4405 1477 4492; baseline -0.008 -6"><span class='ocrx_word' id='word_1_294' title='bbox 426 4405 648 4492; x_wconf 77' lang='lat' dir='ltr'>traslionrs,</span> <span class='ocrx_word' id='word_1_295' title='bbox 672 4407 862 4484; x_wconf 84' lang='lat' dir='ltr'>derisiones</span> <span class='ocrx_word' id='word_1_296' title='bbox 885 4459 895 4491; x_wconf 93' lang='lat'>,</span> <span class='ocrx_word' id='word_1_297' title='bbox 916 4410 1181 4492; x_wconf 87' lang='lat' dir='ltr'>susurrationes,</span> <span class='ocrx_word' id='word_1_298' title='bbox 1202 4414 1477 4491; x_wconf 71' lang='lat' dir='ltr'>contentiones,</span> 
     </span>
    </p>
   </div>
   <div class='ocr_carea' id='block_1_5' title="bbox 435 4509 1476 4688">
    <p class='ocr_par' dir='ltr' id='par_1_17' title="bbox 435 4509 1476 4688">
     <span class='ocr_line' id='line_1_40' title="bbox 435 4509 1476 4609; baseline -0.004 -21"><span class='ocrx_word' id='word_1_299' title='bbox 435 4509 472 4588; x_wconf 78' lang='lat' dir='ltr'>dt</span> <span class='ocrx_word' id='word_1_300' title='bbox 498 4509 802 4605; x_wconf 73' lang='lat' dir='ltr'>perturbationes,</span> <span class='ocrx_word' id='word_1_301' title='bbox 819 4525 988 4607; x_wconf 82' lang='lat' dir='ltr'>generant</span> <span class='ocrx_word' id='word_1_302' title='bbox 1007 4513 1130 4609; x_wconf 90' lang='lat' dir='ltr'>utique</span> <span class='ocrx_word' id='word_1_303' title='bbox 1148 4531 1319 4607; x_wconf 86' lang='lat' dir='ltr'>magnum</span> <span class='ocrx_word' id='word_1_304' title='bbox 1338 4509 1476 4585; x_wconf 77' lang='lat' dir='ltr'>landa-</span> 
     </span>
     <span class='ocr_line' id='line_1_41' title="bbox 473 4604 1433 4688; baseline -0.003 -4"><span class='ocrx_word' id='word_1_305' title='bbox 473 4606 577 4685; x_wconf 70' lang='lat' dir='ltr'>uon.</span> <span class='ocrx_word' id='word_1_306' title='bbox 605 4610 684 4686; x_wconf 70' lang='lat' dir='ltr'>tx</span> <span class='ocrx_word' id='word_1_307' title='bbox 721 4679 725 4688; x_wconf 85' lang='lat'>.</span> <span class='ocrx_word' id='word_1_308' title='bbox 980 4604 1018 4686; x_wconf 88' lang='lat' dir='ltr'>N</span> <span class='ocrx_word' id='word_1_309' title='bbox 1356 4608 1433 4682; x_wconf 87' lang='lat' dir='ltr'>lum</span> 
     </span>
    </p>
   </div>
   <div class='ocr_carea' id='block_1_6' title="bbox 0 0 2133 5350">
    <p class='ocr_par' dir='ltr' id='par_1_18' title="bbox 0 0 2133 5350">
     <span class='ocr_line' id='line_1_42' title="bbox 0 0 2133 5350; baseline 0 0"><span class='ocrx_word' id='word_1_310' title='bbox 0 0 2133 5350; x_wconf 95' lang='lat' dir='ltr'> </span> 
     </span>
    </p>
   </div>
  </div>
 </body>
</html>
