4234 5350
459 541 530 633 De
552 561 667 626 nono
691 540 734 632 ic
760 534 922 640 decimo
944 536 1090 638 Decal.
1117 545 1347 658 praeceptis.
1380 568 1465 644 501·

420 725 472 802 tra
495 710 612 809 legem
628 722 784 793 nature.
808 728 890 805 quac
909 705 1028 803 plurea
1045 711 1191 789 naaritor
1214 711 1474 792 amalicione-¹

419 812 592 899 beriaaut
606 806 788 886 desiderari
812 807 860 899 irc
877 821 991 896 vetat,
1013 810 1169 894 utnullo
1191 834 1351 909 unquam
1364 812 1470 902 mla.
1592 898 1594 903 ,

420 912 514 991 nulla
536 908 789 1004 dispensatione
808 907 843 983 itl
868 905 974 984 licere
993 906 1112 1005 possit.
1140 906 1183 990 Et
1204 910 1229 986 li
1251 910 1316 989 viti
1330 911 1473 1009 cupidi.

420 1027 472 1094 tae
498 1011 647 1086 alienam
674 1008 872 1101 conjugem
888 1005 1113 1088 defiderairtia
1132 1012 1244 1108 ipiunr
1267 1011 1311 1088 ad
1340 1028 1472 1108 optan-

420 1109 575 1198 darua&
595 1106 856 1204 procurandam
879 1110 993 1184 mariti
1015 1108 1106 1188 illiue
1125 1125 1280 1188 tuortern
1304 1111 1472 1205 frequen-

419 1207 800 1308 teriorpe'llit.quaoto
811 1203 1204 1306 periculofiortuulierir
1214 1209 1337 1287 insano
1345 1232 1471 1287 amore

418 1307 789 1405 capraralienuurque
802 1311 918 1389 virum
946 1310 1228 1405 concupiscentia
1249 1308 1386 1385 libido?
1407 1309 1471 1388 Sus

418 1425 514 1502 certe
530 1409 647 1494 mariti
658 1420 813 1483 murtena
834 1409 996 1500 optabit.
1017 1407 1055 1485 &
1073 1406 1167 1486 lorte
1186 1408 1391 1505 procurabit
1404 1431 1472 1486 uc·

417 1508 559 1600 catione
582 1507 685 1594 data.
702 1503 758 1584 vel
782 1503 947 1602 quaefita.
970 1529 1115 1586 necnon
1144 1510 1181 1586 ia
1204 1526 1359 1586 mortem
1375 1530 1473 1586 uxo·

417 1614 463 1686 ris
476 1609 617 1692 aliene,
637 1621 678 1681 ut
698 1627 819 1689 novo,
834 1628 943 1709 quern
956 1604 1112 1703 deperit,
1125 1611 1283 1709 conjuge
1299 1610 1470 1705 potiatur.

416 1712 612 1800 Notumque
631 1703 748 1811 furens
771 1705 851 1810 quid
868 1701 995 1795 femina
1011 1704 1122 1803 paffit.

714 1857 1175 1964 REGULAIV.

417 2017 573 2103 Lethaia
598 2024 735 2118 peccati
754 2023 791 2097 in
816 2042 955 2100 nonum
974 2036 1192 2121 preceptum
1215 2021 1264 2100 rei
1289 2017 1390 2106 sunt.
1406 2020 1472 2117 qul

469 2118 1472 2298 palleretaliudesponsatarconcupiscuntobliniunt.
1543 2203 1557 2218 ,

468 2245 489 2299 a
546 2227 677 2298 tenant·

522 2346 557 2420 ui
580 2346 676 2419 enirn
699 2340 776 2421 haee
797 2343 896 2440 passa
919 2343 1114 2423 rescindere
1127 2345 1312 2444 studeant,
1333 2342 1473 2428 violant
1577 2341 1579 2346 ’

534 2440 775 2520 tenerrimum
800 2442 881 2519 sidei
904 2444 1024 2522 soedur
1055 2437 1202 2544 (inquit
1229 2443 1472 2523 Cateclrlsnaut

416 2542 573 2621 Concisii
594 2540 687 2619 hanc
709 2545 867 2640 regulam
891 2544 1061 2632 tradent)
1088 2544 1168 2630 Nec
1182 2546 1262 2625 illua
1278 2547 1362 2638 juria
1382 2564 1474 2641 prae·

418 2658 541 2721 textae
569 2639 711 2721 excusat
726 2690 737 2728 ,
754 2664 831 2739 qun
859 2642 1085 2732 declaratur,
1113 2648 1380 2724 matrimonium
1407 2661 1472 2743 peu

418 2744 526 2828 verba
553 2743 599 2828 tle
622 2742 780 2849 praesenti
796 2745 1019 2823 contraitum
1042 2743 1222 2842 Sponsalia
1243 2749 1422 2826 dirimere.
1471 2780 1473 2789 ·

732 2895 1067 2985 REGULA
1116 2897 1168 2980 V.

420 3052 575 3142 Lethnlla
601 3057 738 3155 peccati
760 3079 840 3135 reus
866 3058 935 3146 esi.
966 3062 1028 3157 qui
1049 3058 1217 3143 feminam
1238 3056 1282 3135 ad
1303 3052 1373 3135 Dei
1397 3054 1476 3133 cul·

470 3174 548 3238 tum
573 3204 585 3239 a
608 3156 891 3256 religionemque
923 3158 1194 3247 consecratam.
1222 3156 1279 3232 vel
1303 3156 1476 3254 religiosa

468 3256 597 3343 vestis,
618 3256 755 3351 relique
776 3255 994 3351 susceptione
1014 3256 1157 3337 cherua
1180 3258 1410 3340 destinatam,
1426 3252 1474 3330 se·

469 3380 542 3474 que
558 3359 642 3456 agni
670 3357 800 3461 nuptiis
822 3375 1101 3465 praeparantem,
1124 3361 1161 3436 in
1190 3356 1387 3453 conjugem
1410 3374 1475 3434 ex·

471 3474 574 3552 Desste

427 3608 1474 3776 ldenimfineSpunslimmortalieanuria,cuiconjuntla.

488 3712 543 3785 vel
560 3710 727 3787 destinata
750 3716 824 3801 est,
847 3717 884 3793 δι
904 3716 1109 3813 deignata,
1129 3717 1201 3794 sieri
1228 3736 1302 3789 non
1333 3710 1476 3808 potest;

428 3832 496 3886 nec
525 3809 596 3890 ine
621 3812 971 3912 crimine-sacrilegii.
1000 3872 1058 3910 ‚‚„
1098 3815 1142 3898 Et
1168 3811 1477 3912 quemadmodum

426 3914 565 4007 (satqur't
596 3912 732 3990 Caucasei
751 3912 1000 4003 Cateilrr'snms)
1033 3938 1114 4015 quae
1144 3916 1241 3992 alteri
1266 3927 1375 4007 nupta
1405 3909 1474 3999 est.

427 4032 505 4099 earn
530 4008 784 4104 concupiscere
800 4021 953 4091 onaninn
971 4016 1066 4092 nefas
1084 4015 1156 4107 ell;
1172 4016 1219 4090 sic
1239 4035 1319 4108 quae
1339 4009 1381 4085 ad
1406 4006 1477 4090 Del

425 4111 584 4194 cultum,
603 4112 883 4210 religionemque
908 4117 956 4200 esi
981 4117 1182 4199 consecrata
1211 4161 1221 4188 2
1248 4112 1347 4189 nullo
1373 4107 1479 4205 pallo

427 4209 511 4288 licet
531 4212 624 4289 illarn
641 4234 793 4293 uxorenr
818 4234 984 4309 appetere
1002 4271 1070 4307 Η.
1103 4213 1254 4293 lethalis
1276 4213 1379 4284 etiam
1397 4231 1481 4303 pec·

424 4314 493 4385 cari
520 4336 599 4386 reue
622 4314 701 4397 cll,
729 4313 790 4404 orii
821 4316 997 4413 rptrlieris,
1017 4338 1125 4408 quam
1143 4311 1287 4405 srurpliei
1319 4307 1482 4391 castitatis

424 4431 515 4488 voto
528 4411 589 4486 scit
608 4410 807 4486 obstrislam
821 4415 980 4508 ,nuptias
994 4417 1151 4512 expetit.
1168 4433 1318 4504 enitique
1334 4410 1378 4484 de
1392 4431 1485 4486 cutt-

423 4509 527 4615 jugio
551 4514 699 4595 minine
729 4514 950 4693 cogitationi
975 4515 1150 4606 solicitat.
1173 4508 1417 4613 impellitque,
1442 4521 1484 4591 ut

905 4637 917 4689 ι
941 4633 969 4711 4
1362 4632 1416 4691 re·
