<?xml version="1.0" encoding="UTF-8"?>
<!DOCTYPE html PUBLIC "-//W3C//DTD XHTML 1.0 Transitional//EN"
    "http://www.w3.org/TR/xhtml1/DTD/xhtml1-transitional.dtd">
<html xmlns="http://www.w3.org/1999/xhtml" xml:lang="en" lang="en">
 <head>
  <title>
</title>
<meta http-equiv="Content-Type" content="text/html;charset=utf-8" />
  <meta name='ocr-system' content='tesseract 3.04.00' />
  <meta name='ocr-capabilities' content='ocr_page ocr_carea ocr_par ocr_line ocrx_word'/>
</head>
<body>
  <div class='ocr_page' id='page_1' title='image "./theologiadogmat07alexgoog_0440.png"; bbox 0 0 4234 5350; ppageno 0'>
   <div class='ocr_carea' id='block_1_1' title="bbox 598 497 1490 672">
    <p class='ocr_par' dir='ltr' id='par_1_1' title="bbox 598 497 1490 672">
     <span class='ocr_line' id='line_1_1' title="bbox 598 497 1490 672; baseline 0.003 -25"><span class='ocrx_word' id='word_1_1' title='bbox 598 543 669 648; x_wconf 89' lang='lat' dir='ltr'>De</span> <span class='ocrx_word' id='word_1_2' title='bbox 697 549 848 643; x_wconf 80' lang='lat' dir='ltr'>odlovo</span> <span class='ocrx_word' id='word_1_3' title='bbox 871 503 1074 667; x_wconf 78' lang='lat' dir='ltr'>Decalogi</span> <span class='ocrx_word' id='word_1_4' title='bbox 1096 497 1329 672; x_wconf 64' lang='lat' dir='ltr'>precepto?</span> <span class='ocrx_word' id='word_1_5' title='bbox 1403 519 1490 665; x_wconf 64' lang='lat'>2147</span> 
     </span>
    </p>
   </div>
   <div class='ocr_carea' id='block_1_2' title="bbox 433 705 1650 827">
    <p class='ocr_par' dir='ltr' id='par_1_2' title="bbox 433 705 1650 827">
     <span class='ocr_line' id='line_1_2' title="bbox 433 705 1650 827; baseline -0.019 -19"><span class='ocrx_word' id='word_1_6' title='bbox 433 705 488 827; x_wconf 72' lang='lat'>.(</span> <span class='ocrx_word' id='word_1_7' title='bbox 502 725 667 806; x_wconf 84' lang='lat' dir='ltr'>nondum</span> <span class='ocrx_word' id='word_1_8' title='bbox 689 727 783 801; x_wconf 87' lang='lat' dir='ltr'>enirn</span> <span class='ocrx_word' id='word_1_9' title='bbox 810 740 910 802; x_wconf 86' lang='lat' dir='ltr'>erant</span> <span class='ocrx_word' id='word_1_10' title='bbox 931 721 1164 821; x_wconf 79' lang='lat' dir='ltr'>Imperatores</span> <span class='ocrx_word' id='word_1_11' title='bbox 1182 716 1383 820; x_wconf 79' lang='lat' dir='ltr'>christiani&gt;</span> <span class='ocrx_word' id='word_1_12' title='bbox 1407 748 1488 821; x_wconf 88' lang='lat' dir='ltr'>per.</span> <span class='ocrx_word' id='word_1_13' title='bbox 1602 797 1611 817; x_wconf 30' lang='grc' dir='ltr'>α</span> <span class='ocrx_word' id='word_1_14' title='bbox 1647 743 1650 751; x_wconf 32' lang='lat' dir='ltr'>t</span> 
     </span>
    </p>
   </div>
   <div class='ocr_carea' id='block_1_3' title="bbox 427 823 1488 1326">
    <p class='ocr_par' dir='ltr' id='par_1_3' title="bbox 427 823 1486 942">
     <span class='ocr_line' id='line_1_3' title="bbox 427 823 1486 942; baseline -0.007 -33"><span class='ocrx_word' id='word_1_15' title='bbox 427 829 458 938; x_wconf 49' lang='grc' dir='ltr'>’μ</span> <span class='ocrx_word' id='word_1_16' title='bbox 475 827 602 910; x_wconf 84' lang='lat' dir='ltr'>mansrt</span> <span class='ocrx_word' id='word_1_17' title='bbox 619 834 655 904; x_wconf 90' lang='lat' dir='ltr'>in</span> <span class='ocrx_word' id='word_1_18' title='bbox 670 824 850 902; x_wconf 85' lang='lat' dir='ltr'>sententia·</span> <span class='ocrx_word' id='word_1_19' title='bbox 876 823 1017 902; x_wconf 82' lang='lat' dir='ltr'><strong>Deinde</strong></span> <span class='ocrx_word' id='word_1_20' title='bbox 1029 825 1073 902; x_wconf 90' lang='lat' dir='ltr'>ad</span> <span class='ocrx_word' id='word_1_21' title='bbox 1085 823 1342 942; x_wconf 78' lang='lat' dir='ltr'>imperatorem</span> <span class='ocrx_word' id='word_1_22' title='bbox 1363 825 1486 902; x_wconf 82' lang='lat' dir='ltr'>dudm</span> 
     </span>
    </p>

    <p class='ocr_par' dir='ltr' id='par_1_4' title="bbox 433 922 1488 1326">
     <span class='ocr_line' id='line_1_4' title="bbox 474 922 1485 1025; baseline -0.004 -19"><span class='ocrx_word' id='word_1_23' title='bbox 474 932 584 1025; x_wconf 82' lang='lat' dir='ltr'>nique</span> <span class='ocrx_word' id='word_1_24' title='bbox 597 929 687 1003; x_wconf 86' lang='lat' dir='ltr'>adeo</span> <span class='ocrx_word' id='word_1_25' title='bbox 700 926 863 1000; x_wconf 83' lang='lat' dir='ltr'>mirabilis</span> <span class='ocrx_word' id='word_1_26' title='bbox 877 929 1057 1023; x_wconf 87' lang='lat' dir='ltr'>apparuit,</span> <span class='ocrx_word' id='word_1_27' title='bbox 1073 944 1114 1002; x_wconf 93' lang='lat' dir='ltr'>ut</span> <span class='ocrx_word' id='word_1_28' title='bbox 1124 922 1186 1020; x_wconf 84' lang='lat' dir='ltr'>ipli</span> <span class='ocrx_word' id='word_1_29' title='bbox 1201 925 1338 999; x_wconf 79' lang='lat' dir='ltr'>hommr</span> <span class='ocrx_word' id='word_1_30' title='bbox 1350 978 1362 1009; x_wconf 85' lang='lat'>,</span> <span class='ocrx_word' id='word_1_31' title='bbox 1376 947 1485 1020; x_wconf 85' lang='lat' dir='ltr'>quem</span> 
     </span>
     <span class='ocr_line' id='line_1_5' title="bbox 433 983 1487 1124; baseline -0.008 -18"><span class='ocrx_word' id='word_1_32' title='bbox 433 983 649 1124; x_wconf 62' lang='lat' dir='ltr'>:servabam</span> <span class='ocrx_word' id='word_1_33' title='bbox 675 1023 933 1121; x_wconf 79' lang='lat' dir='ltr'>indulgentiam</span> <span class='ocrx_word' id='word_1_34' title='bbox 959 1024 1029 1101; x_wconf 87' lang='lat' dir='ltr'>line</span> <span class='ocrx_word' id='word_1_35' title='bbox 1058 1025 1128 1102; x_wconf 86' lang='lat' dir='ltr'>ulla</span> <span class='ocrx_word' id='word_1_36' title='bbox 1153 1018 1357 1101; x_wconf 78' lang='lat' dir='ltr'>difficultate</span> <span class='ocrx_word' id='word_1_37' title='bbox 1374 1027 1487 1122; x_wconf 76' lang='lat' dir='ltr'>impe·</span> 
     </span>
     <span class='ocr_line' id='line_1_6' title="bbox 435 1122 1488 1240; baseline -0.005 -33"><span class='ocrx_word' id='word_1_38' title='bbox 435 1184 462 1240; x_wconf 54' lang='grc' dir='ltr'><strong>ρ</strong></span> <span class='ocrx_word' id='word_1_39' title='bbox 477 1144 595 1207; x_wconf 78' lang='lat' dir='ltr'>traret·</span> <span class='ocrx_word' id='word_1_40' title='bbox 622 1124 674 1204; x_wconf 87' lang='lat' dir='ltr'>lta</span> <span class='ocrx_word' id='word_1_41' title='bbox 693 1124 798 1200; x_wconf 79' lang='lat' dir='ltr'>refert</span> <span class='ocrx_word' id='word_1_42' title='bbox 821 1134 853 1237; x_wconf 71' lang='lat'>³⁸.</span> <span class='ocrx_word' id='word_1_43' title='bbox 869 1122 1006 1217; x_wconf 69' lang='lat' dir='ltr'>Augur.</span> <span class='ocrx_word' id='word_1_44' title='bbox 1020 1129 1082 1223; x_wconf 88' lang='lat' dir='ltr'>qui</span> <span class='ocrx_word' id='word_1_45' title='bbox 1104 1125 1198 1204; x_wconf 87' lang='lat' dir='ltr'>hauc</span> <span class='ocrx_word' id='word_1_46' title='bbox 1224 1123 1398 1223; x_wconf 81' lang='lat' dir='ltr'><strong>Regulam</strong></span> <span class='ocrx_word' id='word_1_47' title='bbox 1419 1139 1488 1202; x_wconf 84' lang='lat' dir='ltr'>tra·</span> 
     </span>
     <span class='ocr_line' id='line_1_7' title="bbox 437 1227 1065 1326; baseline -0.024 -18"><span class='ocrx_word' id='word_1_48' title='bbox 437 1230 526 1326; x_wconf 77' lang='lat' dir='ltr'>‚dit</span> <span class='ocrx_word' id='word_1_49' title='bbox 538 1227 599 1307; x_wconf 79' lang='lat' dir='ltr'>lib.</span> <span class='ocrx_word' id='word_1_50' title='bbox 627 1231 683 1301; x_wconf 82' lang='lat' dir='ltr'>oe</span> <span class='ocrx_word' id='word_1_51' title='bbox 699 1230 892 1311; x_wconf 67' lang='lat' dir='ltr'>oleoducto,</span> <span class='ocrx_word' id='word_1_52' title='bbox 908 1247 988 1323; x_wconf 82' lang='lat' dir='ltr'>cap.</span> <span class='ocrx_word' id='word_1_53' title='bbox 1008 1239 1065 1318; x_wconf 83' lang='lat'>13.</span> 
     </span>
    </p>
   </div>
   <div class='ocr_carea' id='block_1_4' title="bbox 701 1395 1216 1485">
    <p class='ocr_par' dir='ltr' id='par_1_5' title="bbox 701 1395 1216 1485">
     <span class='ocr_line' id='line_1_8' title="bbox 701 1395 1216 1485; baseline -0.008 -4"><span class='ocrx_word' id='word_1_54' title='bbox 701 1395 1029 1484; x_wconf 70' lang='lat' dir='ltr'>rocula</span> <span class='ocrx_word' id='word_1_55' title='bbox 1078 1402 1216 1485; x_wconf 86' lang='lat' dir='ltr'><strong>VIII.</strong></span> 
     </span>
    </p>
   </div>
   <div class='ocr_carea' id='block_1_5' title="bbox 395 1551 1494 1874">
    <p class='ocr_par' dir='ltr' id='par_1_6' title="bbox 395 1551 1494 1874">
     <span class='ocr_line' id='line_1_9' title="bbox 439 1551 1467 1665; baseline -0.004 -19"><span class='ocrx_word' id='word_1_56' title='bbox 439 1557 543 1645; x_wconf 81' lang='lat' dir='ltr'>···Pro</span> <span class='ocrx_word' id='word_1_57' title='bbox 562 1551 728 1641; x_wconf 65' lang='lat' dir='ltr'>sananda</span> <span class='ocrx_word' id='word_1_58' title='bbox 747 1566 915 1661; x_wconf 78' lang='lat' dir='ltr'>pudicitia</span> <span class='ocrx_word' id='word_1_59' title='bbox 937 1567 1101 1665; x_wconf 85' lang='lat' dir='ltr'>corporis</span> <span class='ocrx_word' id='word_1_60' title='bbox 1121 1563 1262 1644; x_wconf 81' lang='lat' dir='ltr'>mentiri</span> <span class='ocrx_word' id='word_1_61' title='bbox 1285 1563 1467 1644; x_wconf 78' lang='lat' dir='ltr'>nonlicet.</span> 
     </span>
     <span class='ocr_line' id='line_1_10' title="bbox 395 1680 1494 1874; baseline -0.007 -75"><span class='ocrx_word' id='word_1_62' title='bbox 395 1680 402 1692; x_wconf 82' lang='lat'><em>-</em></span> <span class='ocrx_word' id='word_1_63' title='bbox 443 1718 521 1874; x_wconf 73' lang='lat' dir='ltr'>lta</span> <span class='ocrx_word' id='word_1_64' title='bbox 539 1722 648 1797; x_wconf 85' lang='lat' dir='ltr'>docet</span> <span class='ocrx_word' id='word_1_65' title='bbox 659 1726 688 1797; x_wconf 87' lang='lat' dir='ltr'>S.</span> <span class='ocrx_word' id='word_1_66' title='bbox 710 1718 844 1816; x_wconf 76' lang='lat' dir='ltr'>Auguil.</span> <span class='ocrx_word' id='word_1_67' title='bbox 858 1721 917 1799; x_wconf 83' lang='lat' dir='ltr'>lib·</span> <span class='ocrx_word' id='word_1_68' title='bbox 931 1724 983 1794; x_wconf 85' lang='lat' dir='ltr'>Dc</span> <span class='ocrx_word' id='word_1_69' title='bbox 995 1725 1188 1810; x_wconf 79' lang='lat' dir='ltr'><em>Mendacio,</em></span> <span class='ocrx_word' id='word_1_70' title='bbox 1206 1717 1284 1821; x_wconf 64' lang='lat' dir='ltr'>cap}</span> <span class='ocrx_word' id='word_1_71' title='bbox 1299 1739 1338 1821; x_wconf 80' lang='lat'>7,</span> <span class='ocrx_word' id='word_1_72' title='bbox 1349 1778 1402 1818; x_wconf 57' lang='grc' dir='ltr'>Μ,</span> <span class='ocrx_word' id='word_1_73' title='bbox 1425 1713 1494 1801; x_wconf 79' lang='lat' dir='ltr'>Pu.</span> 
     </span>
    </p>
   </div>
   <div class='ocr_carea' id='block_1_6' title="bbox 505 1822 1608 1923">
    <p class='ocr_par' dir='ltr' id='par_1_7' title="bbox 505 1822 1608 1923">
     <span class='ocr_line' id='line_1_11' title="bbox 505 1822 1608 1923; baseline -0.001 -26"><span class='ocrx_word' id='word_1_74' title='bbox 505 1822 632 1897; x_wconf 84' lang='lat' dir='ltr'>dicitite</span> <span class='ocrx_word' id='word_1_75' title='bbox 649 1825 783 1919; x_wconf 83' lang='lat' dir='ltr'>quippe</span> <span class='ocrx_word' id='word_1_76' title='bbox 801 1826 985 1920; x_wconf 85' lang='lat' dir='ltr'>corporis,</span> <span class='ocrx_word' id='word_1_77' title='bbox 1013 1826 1095 1923; x_wconf 90' lang='lat' dir='ltr'>quia</span> <span class='ocrx_word' id='word_1_78' title='bbox 1118 1822 1272 1903; x_wconf 90' lang='lat' dir='ltr'>multum</span> <span class='ocrx_word' id='word_1_79' title='bbox 1300 1825 1494 1901; x_wconf 74' lang='lat' dir='ltr'>honornlri·</span> <span class='ocrx_word' id='word_1_80' title='bbox 1606 1867 1608 1874; x_wconf 91' lang='lat'>·</span> 
     </span>
    </p>
   </div>
   <div class='ocr_carea' id='block_1_7' title="bbox 443 1909 1545 4521">
    <p class='ocr_par' dir='ltr' id='par_1_8' title="bbox 443 1909 1545 4521">
     <span class='ocr_line' id='line_1_12' title="bbox 444 1909 1495 2024; baseline 0.005 -30"><span class='ocrx_word' id='word_1_81' title='bbox 444 1909 486 1995; x_wconf 82' lang='lat' dir='ltr'>lie</span> <span class='ocrx_word' id='word_1_82' title='bbox 504 1923 648 2019; x_wconf 79' lang='lat' dir='ltr'>petione</span> <span class='ocrx_word' id='word_1_83' title='bbox 673 1926 808 2024; x_wconf 86' lang='lat' dir='ltr'>videtur</span> <span class='ocrx_word' id='word_1_84' title='bbox 828 1927 1082 2001; x_wconf 66' lang='lat' dir='ltr'>occurrermdt</span> <span class='ocrx_word' id='word_1_85' title='bbox 1100 1922 1379 2022; x_wconf 82' lang='lat' dir='ltr'>pro&#39;sellagitare</span> <span class='ocrx_word' id='word_1_86' title='bbox 1395 1947 1495 1999; x_wconf 91' lang='lat' dir='ltr'>men-</span> 
     </span>
     <span class='ocr_line' id='line_1_13' title="bbox 443 2018 1507 2123; baseline 0.001 -26"><span class='ocrx_word' id='word_1_87' title='bbox 443 2018 667 2103; x_wconf 71' lang='lat' dir='ltr'>declamat</span> <span class='ocrx_word' id='word_1_88' title='bbox 691 2023 714 2098; x_wconf 82' lang='lat' dir='ltr'>li</span> <span class='ocrx_word' id='word_1_89' title='bbox 743 2023 919 2117; x_wconf 81' lang='lat' dir='ltr'>stuprator</span> <span class='ocrx_word' id='word_1_90' title='bbox 935 2026 1146 2123; x_wconf 64' lang='lat' dir='ltr'>irruam-qui</span> <span class='ocrx_word' id='word_1_91' title='bbox 1174 2021 1278 2117; x_wconf 80' lang='lat' dir='ltr'>possit</span> <span class='ocrx_word' id='word_1_92' title='bbox 1305 2024 1507 2103; x_wconf 86' lang='lat' dir='ltr'>mendacio-</span> 
     </span>
     <span class='ocr_line' id='line_1_14' title="bbox 446 2119 1495 2210; baseline 0.005 -16"><span class='ocrx_word' id='word_1_93' title='bbox 446 2119 698 2207; x_wconf 85' lang='lat' dir='ltr'>devitori,srne</span> <span class='ocrx_word' id='word_1_94' title='bbox 712 2121 934 2200; x_wconf 85' lang='lat' dir='ltr'>dubitatione</span> <span class='ocrx_word' id='word_1_95' title='bbox 954 2128 1197 2201; x_wconf 87' lang='lat' dir='ltr'>mentiendum</span> <span class='ocrx_word' id='word_1_96' title='bbox 1229 2122 1290 2210; x_wconf 87' lang='lat' dir='ltr'>[it.</span> <span class='ocrx_word' id='word_1_97' title='bbox 1316 2123 1416 2201; x_wconf 85' lang='lat' dir='ltr'>focile</span> <span class='ocrx_word' id='word_1_98' title='bbox 1441 2145 1495 2199; x_wconf 89' lang='lat' dir='ltr'>re·</span> 
     </span>
     <span class='ocr_line' id='line_1_15' title="bbox 448 2218 1495 2320; baseline 0.009 -25"><span class='ocrx_word' id='word_1_99' title='bbox 448 2218 613 2316; x_wconf 79' lang='lat' dir='ltr'>sponderi</span> <span class='ocrx_word' id='word_1_100' title='bbox 637 2223 752 2317; x_wconf 84' lang='lat' dir='ltr'>potest</span> <span class='ocrx_word' id='word_1_101' title='bbox 774 2243 787 2310; x_wconf 77' lang='grc' dir='ltr'><strong>ς</strong></span> <span class='ocrx_word' id='word_1_102' title='bbox 816 2225 948 2299; x_wconf 90' lang='lat' dir='ltr'>nullam</span> <span class='ocrx_word' id='word_1_103' title='bbox 970 2220 1038 2300; x_wconf 82' lang='lat' dir='ltr'>effe</span> <span class='ocrx_word' id='word_1_104' title='bbox 1073 2225 1277 2320; x_wconf 73' lang='lat' dir='ltr'>pudicitiam</span> <span class='ocrx_word' id='word_1_105' title='bbox 1311 2226 1495 2315; x_wconf 74' lang='lat' dir='ltr'>corporis,</span> 
     </span>
     <span class='ocr_line' id='line_1_16' title="bbox 443 2316 1497 2422; baseline 0.001 -24"><span class='ocrx_word' id='word_1_106' title='bbox 443 2316 515 2398; x_wconf 76' lang='lat' dir='ltr'>&#39;nir</span> <span class='ocrx_word' id='word_1_107' title='bbox 536 2321 578 2393; x_wconf 89' lang='lat' dir='ltr'>ab</span> <span class='ocrx_word' id='word_1_108' title='bbox 596 2324 798 2416; x_wconf 82' lang='lat' dir='ltr'>integritate</span> <span class='ocrx_word' id='word_1_109' title='bbox 813 2328 921 2398; x_wconf 89' lang='lat' dir='ltr'>animi</span> <span class='ocrx_word' id='word_1_110' title='bbox 940 2323 1196 2422; x_wconf 66' lang='lat' dir='ltr'>pcndeetrqua</span> <span class='ocrx_word' id='word_1_111' title='bbox 1219 2317 1373 2416; x_wconf 77' lang='lat' dir='ltr'>dd&#39;rupra</span> <span class='ocrx_word' id='word_1_112' title='bbox 1394 2322 1497 2400; x_wconf 81' lang='lat' dir='ltr'>radet</span> 
     </span>
     <span class='ocr_line' id='line_1_17' title="bbox 450 2414 1495 2515; baseline 0.003 -18"><span class='ocrx_word' id='word_1_113' title='bbox 450 2414 586 2497; x_wconf 82' lang='lat' dir='ltr'>occelle</span> <span class='ocrx_word' id='word_1_114' title='bbox 608 2418 824 2503; x_wconf 70' lang='lat' dir='ltr'>tiberiamsr</span> <span class='ocrx_word' id='word_1_115' title='bbox 842 2424 967 2500; x_wconf 71' lang='lat' dir='ltr'>incaelo</span> <span class='ocrx_word' id='word_1_116' title='bbox 990 2423 1167 2507; x_wconf 81' lang='lat' dir='ltr'>rideatur,</span> <span class='ocrx_word' id='word_1_117' title='bbox 1192 2425 1228 2515; x_wconf 72' lang='lat' dir='ltr'>de</span> <span class='ocrx_word' id='word_1_118' title='bbox 1249 2426 1332 2501; x_wconf 85' lang='lat' dir='ltr'>ideo</span> <span class='ocrx_word' id='word_1_119' title='bbox 1360 2446 1433 2500; x_wconf 92' lang='lat' dir='ltr'>non</span> <span class='ocrx_word' id='word_1_120' title='bbox 1456 2425 1495 2500; x_wconf 89' lang='lat' dir='ltr'>io</span> 
     </span>
     <span class='ocr_line' id='line_1_18' title="bbox 444 2520 1494 2623; baseline -0.001 -25"><span class='ocrx_word' id='word_1_121' title='bbox 444 2525 556 2598; x_wconf 80' lang='lat' dir='ltr'>rebus</span> <span class='ocrx_word' id='word_1_122' title='bbox 577 2522 830 2616; x_wconf 79' lang='lat' dir='ltr'>temporalibus</span> <span class='ocrx_word' id='word_1_123' title='bbox 854 2520 920 2599; x_wconf 86' lang='lat' dir='ltr'>elle</span> <span class='ocrx_word' id='word_1_124' title='bbox 946 2524 1222 2611; x_wconf 83' lang='lat' dir='ltr'>numerandam,</span> <span class='ocrx_word' id='word_1_125' title='bbox 1237 2522 1333 2623; x_wconf 84' lang='lat' dir='ltr'>quast</span> <span class='ocrx_word' id='word_1_126' title='bbox 1346 2547 1424 2615; x_wconf 73' lang='lat' dir='ltr'>qua</span> <span class='ocrx_word' id='word_1_127' title='bbox 1441 2523 1494 2597; x_wconf 91' lang='lat' dir='ltr'>in·</span> 
     </span>
     <span class='ocr_line' id='line_1_19' title="bbox 452 2615 1498 2721; baseline -0.001 -22"><span class='ocrx_word' id='word_1_128' title='bbox 452 2621 531 2699; x_wconf 84' lang='lat' dir='ltr'>vitis</span> <span class='ocrx_word' id='word_1_129' title='bbox 549 2617 802 2718; x_wconf 73' lang='lat' dir='ltr'>pollitaoferri·¹</span> <span class='ocrx_word' id='word_1_130' title='bbox 829 2615 942 2701; x_wconf 91' lang='lat' dir='ltr'>Nullo</span> <span class='ocrx_word' id='word_1_131' title='bbox 953 2625 1067 2701; x_wconf 92' lang='lat' dir='ltr'>modo</span> <span class='ocrx_word' id='word_1_132' title='bbox 1078 2624 1186 2721; x_wconf 88' lang='lat' dir='ltr'>igitur</span> <span class='ocrx_word' id='word_1_133' title='bbox 1206 2627 1342 2702; x_wconf 85' lang='lat' dir='ltr'>animus</span> <span class='ocrx_word' id='word_1_134' title='bbox 1355 2617 1498 2701; x_wconf 82' lang='lat' dir='ltr'>semen·</span> 
     </span>
     <span class='ocr_line' id='line_1_20' title="bbox 450 2720 1499 2825; baseline 0 -28"><span class='ocrx_word' id='word_1_135' title='bbox 450 2720 577 2797; x_wconf 87' lang='lat' dir='ltr'>tiendo</span> <span class='ocrx_word' id='word_1_136' title='bbox 598 2725 798 2816; x_wconf 82' lang='lat' dir='ltr'>corrumpit</span> <span class='ocrx_word' id='word_1_137' title='bbox 821 2747 887 2821; x_wconf 90' lang='lat' dir='ltr'>pro</span> <span class='ocrx_word' id='word_1_138' title='bbox 905 2748 1060 2820; x_wconf 86' lang='lat' dir='ltr'>corpore</span> <span class='ocrx_word' id='word_1_139' title='bbox 1076 2725 1137 2805; x_wconf 85' lang='lat' dir='ltr'>luo</span> <span class='ocrx_word' id='word_1_140' title='bbox 1152 2775 1162 2809; x_wconf 80' lang='grc'><strong><em>,</em></strong></span> <span class='ocrx_word' id='word_1_141' title='bbox 1180 2725 1280 2825; x_wconf 84' lang='lat' dir='ltr'>quod</span> <span class='ocrx_word' id='word_1_142' title='bbox 1295 2723 1355 2801; x_wconf 84' lang='lat' dir='ltr'>scit</span> <span class='ocrx_word' id='word_1_143' title='bbox 1380 2747 1499 2823; x_wconf 86' lang='lat' dir='ltr'>mme-</span> 
     </span>
     <span class='ocr_line' id='line_1_21' title="bbox 452 2824 1500 2920; baseline 0.006 -25"><span class='ocrx_word' id='word_1_144' title='bbox 452 2842 491 2896; x_wconf 92' lang='lat' dir='ltr'>re</span> <span class='ocrx_word' id='word_1_145' title='bbox 512 2828 784 2915; x_wconf 79' lang='lat' dir='ltr'>incorruptum,</span> <span class='ocrx_word' id='word_1_146' title='bbox 811 2824 835 2898; x_wconf 87' lang='lat' dir='ltr'>li</span> <span class='ocrx_word' id='word_1_147' title='bbox 859 2824 999 2919; x_wconf 82' lang='lat' dir='ltr'>abipso</span> <span class='ocrx_word' id='word_1_148' title='bbox 1022 2831 1145 2902; x_wconf 79' lang='lat' dir='ltr'>animo</span> <span class='ocrx_word' id='word_1_149' title='bbox 1176 2826 1400 2920; x_wconf 88' lang='lat' dir='ltr'>incorruptio</span> <span class='ocrx_word' id='word_1_150' title='bbox 1423 2845 1500 2901; x_wconf 86' lang='lat' dir='ltr'>non</span> 
     </span>
     <span class='ocr_line' id='line_1_22' title="bbox 453 2919 1504 3021; baseline 0.001 -26"><span class='ocrx_word' id='word_1_151' title='bbox 453 2921 605 2996; x_wconf 85' lang='lat' dir='ltr'>recedat·</span> <span class='ocrx_word' id='word_1_152' title='bbox 632 2919 744 3012; x_wconf 84' lang='lat' dir='ltr'>Quod</span> <span class='ocrx_word' id='word_1_153' title='bbox 770 2927 863 3000; x_wconf 91' lang='lat' dir='ltr'>enim</span> <span class='ocrx_word' id='word_1_154' title='bbox 893 2926 1065 2999; x_wconf 84' lang='lat' dir='ltr'>violenter</span> <span class='ocrx_word' id='word_1_155' title='bbox 1089 2949 1163 3005; x_wconf 91' lang='lat' dir='ltr'>non</span> <span class='ocrx_word' id='word_1_156' title='bbox 1185 2928 1403 3021; x_wconf 69' lang='lat' dir='ltr'>procedente</span> <span class='ocrx_word' id='word_1_157' title='bbox 1425 2924 1504 2997; x_wconf 88' lang='lat' dir='ltr'>libi·</span> 
     </span>
     <span class='ocr_line' id='line_1_23' title="bbox 455 3022 1505 3122; baseline 0.004 -29"><span class='ocrx_word' id='word_1_158' title='bbox 455 3022 541 3093; x_wconf 87' lang='lat' dir='ltr'>dine</span> <span class='ocrx_word' id='word_1_159' title='bbox 552 3022 683 3116; x_wconf 90' lang='lat' dir='ltr'>patirur</span> <span class='ocrx_word' id='word_1_160' title='bbox 701 3046 853 3117; x_wconf 88' lang='lat' dir='ltr'>corpus,</span> <span class='ocrx_word' id='word_1_161' title='bbox 873 3028 1015 3100; x_wconf 84' lang='lat' dir='ltr'>vexatio</span> <span class='ocrx_word' id='word_1_162' title='bbox 1037 3027 1155 3121; x_wconf 87' lang='lat' dir='ltr'>potins</span> <span class='ocrx_word' id='word_1_163' title='bbox 1167 3078 1178 3110; x_wconf 84' lang='lat'>,</span> <span class='ocrx_word' id='word_1_164' title='bbox 1192 3047 1298 3122; x_wconf 90' lang='lat' dir='ltr'>quam</span> <span class='ocrx_word' id='word_1_165' title='bbox 1316 3029 1505 3121; x_wconf 86' lang='lat' dir='ltr'>corruptio</span> 
     </span>
     <span class='ocr_line' id='line_1_24' title="bbox 451 3122 1545 3218; baseline 0 -22"><span class='ocrx_word' id='word_1_166' title='bbox 451 3122 672 3196; x_wconf 84' lang='lat' dir='ltr'>nominanda</span> <span class='ocrx_word' id='word_1_167' title='bbox 688 3123 747 3197; x_wconf 83' lang='lat' dir='ltr'>ell-</span> <span class='ocrx_word' id='word_1_168' title='bbox 777 3127 846 3199; x_wconf 71' lang='lat' dir='ltr'>:lut</span> <span class='ocrx_word' id='word_1_169' title='bbox 865 3122 889 3199; x_wconf 85' lang='lat' dir='ltr'>st</span> <span class='ocrx_word' id='word_1_170' title='bbox 907 3127 1022 3200; x_wconf 84' lang='lat' dir='ltr'>omnis</span> <span class='ocrx_word' id='word_1_171' title='bbox 1065 3127 1207 3200; x_wconf 79' lang='lat' dir='ltr'>vexatio</span> <span class='ocrx_word' id='word_1_172' title='bbox 1228 3128 1413 3218; x_wconf 88' lang='lat' dir='ltr'>corruptio</span> <span class='ocrx_word' id='word_1_173' title='bbox 1433 3122 1505 3206; x_wconf 80' lang='lat' dir='ltr'>eil,</span> <span class='ocrx_word' id='word_1_174' title='bbox 1541 3168 1545 3175; x_wconf 95' lang='lat'>-</span> 
     </span>
     <span class='ocr_line' id='line_1_25' title="bbox 457 3221 1505 3320; baseline 0.002 -25"><span class='ocrx_word' id='word_1_175' title='bbox 457 3240 536 3295; x_wconf 87' lang='lat' dir='ltr'>non</span> <span class='ocrx_word' id='word_1_176' title='bbox 564 3224 681 3297; x_wconf 81' lang='lat' dir='ltr'>omnis</span> <span class='ocrx_word' id='word_1_177' title='bbox 718 3229 906 3316; x_wconf 89' lang='lat' dir='ltr'>corruptio</span> <span class='ocrx_word' id='word_1_178' title='bbox 928 3227 1040 3320; x_wconf 87' lang='lat' dir='ltr'>turpis</span> <span class='ocrx_word' id='word_1_179' title='bbox 1065 3225 1150 3310; x_wconf 75' lang='lat' dir='ltr'>est3</span> <span class='ocrx_word' id='word_1_180' title='bbox 1181 3223 1237 3299; x_wconf 86' lang='lat' dir='ltr'>fed</span> <span class='ocrx_word' id='word_1_181' title='bbox 1258 3246 1364 3317; x_wconf 87' lang='lat' dir='ltr'>qoam</span> <span class='ocrx_word' id='word_1_182' title='bbox 1395 3221 1505 3297; x_wconf 88' lang='lat' dir='ltr'>libido</span> 
     </span>
     <span class='ocr_line' id='line_1_26' title="bbox 454 3322 1509 3417; baseline 0.001 -23"><span class='ocrx_word' id='word_1_183' title='bbox 454 3324 722 3417; x_wconf 81' lang='lat' dir='ltr'>procuraverit,</span> <span class='ocrx_word' id='word_1_184' title='bbox 738 3345 799 3400; x_wconf 86' lang='lat' dir='ltr'>aut</span> <span class='ocrx_word' id='word_1_185' title='bbox 822 3327 878 3399; x_wconf 90' lang='lat' dir='ltr'>cui</span> <span class='ocrx_word' id='word_1_186' title='bbox 900 3323 1009 3399; x_wconf 91' lang='lat' dir='ltr'>libido</span> <span class='ocrx_word' id='word_1_187' title='bbox 1026 3323 1243 3399; x_wconf 83' lang='lat' dir='ltr'>consenserit.</span> <span class='ocrx_word' id='word_1_188' title='bbox 1276 3322 1427 3415; x_wconf 85' lang='lat' dir='ltr'>Quanto</span> <span class='ocrx_word' id='word_1_189' title='bbox 1445 3346 1509 3395; x_wconf 79' lang='lat' dir='ltr'>ao·</span> 
     </span>
     <span class='ocr_line' id='line_1_27' title="bbox 457 3419 1508 3521; baseline 0.001 -25"><span class='ocrx_word' id='word_1_190' title='bbox 457 3434 533 3496; x_wconf 86' lang='lat' dir='ltr'>tem</span> <span class='ocrx_word' id='word_1_191' title='bbox 554 3421 771 3521; x_wconf 71' lang='lat' dir='ltr'>prestantior</span> <span class='ocrx_word' id='word_1_192' title='bbox 798 3425 846 3499; x_wconf 87' lang='lat' dir='ltr'>est</span> <span class='ocrx_word' id='word_1_193' title='bbox 877 3428 1013 3500; x_wconf 87' lang='lat' dir='ltr'>animus</span> <span class='ocrx_word' id='word_1_194' title='bbox 1033 3447 1210 3517; x_wconf 78' lang='lat' dir='ltr'>corpore,</span> <span class='ocrx_word' id='word_1_195' title='bbox 1239 3438 1340 3500; x_wconf 89' lang='lat' dir='ltr'>tanto</span> <span class='ocrx_word' id='word_1_196' title='bbox 1366 3419 1508 3497; x_wconf 83' lang='lat' dir='ltr'>scelero-</span> 
     </span>
     <span class='ocr_line' id='line_1_28' title="bbox 458 3522 1506 3620; baseline -0.001 -25"><span class='ocrx_word' id='word_1_197' title='bbox 458 3523 529 3595; x_wconf 85' lang='lat' dir='ltr'>rius</span> <span class='ocrx_word' id='word_1_198' title='bbox 556 3526 807 3620; x_wconf 87' lang='lat' dir='ltr'>corrumpitur.</span> <span class='ocrx_word' id='word_1_199' title='bbox 840 3525 890 3599; x_wconf 92' lang='lat' dir='ltr'>lbi</span> <span class='ocrx_word' id='word_1_200' title='bbox 921 3547 1010 3619; x_wconf 88' lang='lat' dir='ltr'>ergo</span> <span class='ocrx_word' id='word_1_201' title='bbox 1031 3524 1155 3599; x_wconf 87' lang='lat' dir='ltr'>servari</span> <span class='ocrx_word' id='word_1_202' title='bbox 1180 3523 1294 3618; x_wconf 88' lang='lat' dir='ltr'>potest</span> <span class='ocrx_word' id='word_1_203' title='bbox 1315 3522 1506 3616; x_wconf 77' lang='lat' dir='ltr'>pudicitie,</span> 
     </span>
     <span class='ocr_line' id='line_1_29' title="bbox 460 3619 1511 3717; baseline -0.001 -21"><span class='ocrx_word' id='word_1_204' title='bbox 460 3620 524 3696; x_wconf 87' lang='lat' dir='ltr'>ubi</span> <span class='ocrx_word' id='word_1_205' title='bbox 546 3621 641 3698; x_wconf 88' lang='lat' dir='ltr'>nulla</span> <span class='ocrx_word' id='word_1_206' title='bbox 664 3622 724 3698; x_wconf 81' lang='lat' dir='ltr'>nili</span> <span class='ocrx_word' id='word_1_207' title='bbox 742 3624 934 3700; x_wconf 87' lang='lat' dir='ltr'>voluntaria</span> <span class='ocrx_word' id='word_1_208' title='bbox 949 3626 1065 3717; x_wconf 87' lang='lat' dir='ltr'>potest</span> <span class='ocrx_word' id='word_1_209' title='bbox 1081 3619 1146 3700; x_wconf 82' lang='lat' dir='ltr'>effe</span> <span class='ocrx_word' id='word_1_210' title='bbox 1158 3624 1355 3716; x_wconf 87' lang='lat' dir='ltr'>corruptio.</span> <span class='ocrx_word' id='word_1_211' title='bbox 1367 3672 1373 3685; x_wconf 86' lang='lat'><strong>·</strong></span> <span class='ocrx_word' id='word_1_212' title='bbox 1386 3676 1394 3692; x_wconf 93' lang='lat'><strong>.</strong></span> <span class='ocrx_word' id='word_1_213' title='bbox 1408 3619 1511 3712; x_wconf 75' lang='lat' dir='ltr'>Qun.</span> 
     </span>
     <span class='ocr_line' id='line_1_30' title="bbox 454 3714 1511 3818; baseline -0.007 -17"><span class='ocrx_word' id='word_1_214' title='bbox 454 3734 612 3818; x_wconf 80' lang='lat' dir='ltr'>{propter</span> <span class='ocrx_word' id='word_1_215' title='bbox 632 3725 803 3817; x_wconf 83' lang='lat' dir='ltr'>quoniam</span> <span class='ocrx_word' id='word_1_216' title='bbox 832 3747 940 3799; x_wconf 90' lang='lat' dir='ltr'>nemo</span> <span class='ocrx_word' id='word_1_217' title='bbox 974 3722 1111 3801; x_wconf 84' lang='lat' dir='ltr'>dubitat</span> <span class='ocrx_word' id='word_1_218' title='bbox 1137 3723 1320 3799; x_wconf 87' lang='lat' dir='ltr'>meliorem</span> <span class='ocrx_word' id='word_1_219' title='bbox 1344 3714 1412 3796; x_wconf 84' lang='lat' dir='ltr'>else</span> <span class='ocrx_word' id='word_1_220' title='bbox 1436 3716 1511 3817; x_wconf 85' lang='lat' dir='ltr'>anl-</span> 
     </span>
     <span class='ocr_line' id='line_1_31' title="bbox 463 3823 1513 3922; baseline -0.001 -27"><span class='ocrx_word' id='word_1_221' title='bbox 463 3841 566 3897; x_wconf 88' lang='lat' dir='ltr'>mom</span> <span class='ocrx_word' id='word_1_222' title='bbox 591 3845 746 3920; x_wconf 90' lang='lat' dir='ltr'>corpore</span> <span class='ocrx_word' id='word_1_223' title='bbox 764 3877 775 3908; x_wconf 86' lang='lat'>,</span> <span class='ocrx_word' id='word_1_224' title='bbox 796 3827 989 3922; x_wconf 83' lang='lat' dir='ltr'>integritati</span> <span class='ocrx_word' id='word_1_225' title='bbox 1012 3825 1176 3918; x_wconf 71' lang='lat' dir='ltr'>corporis</span> <span class='ocrx_word' id='word_1_226' title='bbox 1200 3824 1380 3918; x_wconf 73' lang='lat' dir='ltr'>integritas</span> <span class='ocrx_word' id='word_1_227' title='bbox 1404 3823 1513 3913; x_wconf 89' lang='lat' dir='ltr'>animi</span> 
     </span>
     <span class='ocr_line' id='line_1_32' title="bbox 463 3918 1516 4022; baseline -0.004 -24"><span class='ocrx_word' id='word_1_228' title='bbox 463 3924 706 4022; x_wconf 74' lang='lat' dir='ltr'>preponenda</span> <span class='ocrx_word' id='word_1_229' title='bbox 742 3922 827 4010; x_wconf 85' lang='lat' dir='ltr'>est,</span> <span class='ocrx_word' id='word_1_230' title='bbox 863 3947 944 4019; x_wconf 84' lang='lat' dir='ltr'>quae</span> <span class='ocrx_word' id='word_1_231' title='bbox 968 3926 1003 3999; x_wconf 92' lang='lat' dir='ltr'>in</span> <span class='ocrx_word' id='word_1_232' title='bbox 1034 3940 1204 4001; x_wconf 83' lang='lat' dir='ltr'>aeternum</span> <span class='ocrx_word' id='word_1_233' title='bbox 1234 3924 1357 3998; x_wconf 77' lang='lat' dir='ltr'>servari</span> <span class='ocrx_word' id='word_1_234' title='bbox 1387 3918 1516 4017; x_wconf 85' lang='lat' dir='ltr'>potell·</span> 
     </span>
     <span class='ocr_line' id='line_1_33' title="bbox 457 4018 1516 4121; baseline -0.007 -21"><span class='ocrx_word' id='word_1_235' title='bbox 457 4018 561 4107; x_wconf 83' lang='lat' dir='ltr'>&#39;Quis</span> <span class='ocrx_word' id='word_1_236' title='bbox 582 4040 700 4098; x_wconf 89' lang='lat' dir='ltr'>autem</span> <span class='ocrx_word' id='word_1_237' title='bbox 725 4021 853 4100; x_wconf 85' lang='lat' dir='ltr'>dixerit</span> <span class='ocrx_word' id='word_1_238' title='bbox 869 4027 1049 4121; x_wconf 87' lang='lat' dir='ltr'>integrum</span> <span class='ocrx_word' id='word_1_239' title='bbox 1074 4018 1141 4100; x_wconf 82' lang='lat' dir='ltr'>elle</span> <span class='ocrx_word' id='word_1_240' title='bbox 1160 4024 1319 4099; x_wconf 86' lang='lat' dir='ltr'>animum</span> <span class='ocrx_word' id='word_1_241' title='bbox 1340 4021 1516 4096; x_wconf 88' lang='lat' dir='ltr'>mentien-</span> 
     </span>
     <span class='ocr_line' id='line_1_34' title="bbox 466 4117 1516 4222; baseline -0.007 -21"><span class='ocrx_word' id='word_1_242' title='bbox 466 4124 544 4201; x_wconf 72' lang='lat' dir='ltr'>tis?</span> <span class='ocrx_word' id='word_1_243' title='bbox 568 4117 706 4199; x_wconf 82' lang='lat' dir='ltr'>Etenim</span> <span class='ocrx_word' id='word_1_244' title='bbox 728 4122 840 4199; x_wconf 86' lang='lat' dir='ltr'>libido</span> <span class='ocrx_word' id='word_1_245' title='bbox 862 4147 1009 4222; x_wconf 87' lang='lat' dir='ltr'>quoque</span> <span class='ocrx_word' id='word_1_246' title='bbox 1031 4123 1100 4222; x_wconf 79' lang='lat' dir='ltr'>ipsa</span> <span class='ocrx_word' id='word_1_247' title='bbox 1123 4125 1216 4200; x_wconf 79' lang='lat' dir='ltr'>rede</span> <span class='ocrx_word' id='word_1_248' title='bbox 1235 4120 1421 4202; x_wconf 66' lang='lat' dir='ltr'>definitum</span> <span class='ocrx_word' id='word_1_249' title='bbox 1441 4124 1516 4212; x_wconf 82' lang='lat' dir='ltr'>Ap-</span> 
     </span>
     <span class='ocr_line' id='line_1_35' title="bbox 464 4221 1515 4324; baseline -0.007 -24"><span class='ocrx_word' id='word_1_250' title='bbox 464 4223 599 4324; x_wconf 81' lang='lat' dir='ltr'>petitur</span> <span class='ocrx_word' id='word_1_251' title='bbox 620 4226 748 4306; x_wconf 87' lang='lat' dir='ltr'>animi,</span> <span class='ocrx_word' id='word_1_252' title='bbox 764 4245 839 4320; x_wconf 88' lang='lat' dir='ltr'>quo</span> <span class='ocrx_word' id='word_1_253' title='bbox 861 4229 999 4298; x_wconf 85' lang='lat' dir='ltr'>aeternls</span> <span class='ocrx_word' id='word_1_254' title='bbox 1023 4224 1128 4300; x_wconf 82' lang='lat' dir='ltr'>bonis</span> <span class='ocrx_word' id='word_1_255' title='bbox 1145 4221 1310 4316; x_wconf 78' lang='lat' dir='ltr'>qualibet</span> <span class='ocrx_word' id='word_1_256' title='bbox 1332 4235 1515 4318; x_wconf 81' lang='lat' dir='ltr'>tempore·</span> 
     </span>
     <span class='ocr_line' id='line_1_36' title="bbox 465 4316 1518 4421; baseline -0.009 -18"><span class='ocrx_word' id='word_1_257' title='bbox 465 4326 514 4404; x_wconf 86' lang='lat' dir='ltr'>lia</span> <span class='ocrx_word' id='word_1_258' title='bbox 530 4339 800 4421; x_wconf 82' lang='lat' dir='ltr'>praeponuntur·</span> <span class='ocrx_word' id='word_1_259' title='bbox 823 4318 946 4398; x_wconf 90' lang='lat' dir='ltr'>Nemo</span> <span class='ocrx_word' id='word_1_260' title='bbox 959 4324 1079 4418; x_wconf 88' lang='lat' dir='ltr'>itaque</span> <span class='ocrx_word' id='word_1_261' title='bbox 1091 4321 1207 4419; x_wconf 88' lang='lat' dir='ltr'>potest</span> <span class='ocrx_word' id='word_1_262' title='bbox 1227 4324 1441 4396; x_wconf 84' lang='lat' dir='ltr'>convincere</span> <span class='ocrx_word' id='word_1_263' title='bbox 1455 4316 1518 4394; x_wconf 87' lang='lat' dir='ltr'>ali·</span> 
     </span>
     <span class='ocr_line' id='line_1_37' title="bbox 466 4417 1518 4521; baseline -0.01 -20"><span class='ocrx_word' id='word_1_264' title='bbox 466 4424 617 4521; x_wconf 87' lang='lat' dir='ltr'>quando</span> <span class='ocrx_word' id='word_1_265' title='bbox 637 4417 704 4498; x_wconf 78' lang='lat' dir='ltr'>elle</span> <span class='ocrx_word' id='word_1_266' title='bbox 729 4422 995 4518; x_wconf 73' lang='lat' dir='ltr'>prendendum,</span> <span class='ocrx_word' id='word_1_267' title='bbox 1010 4419 1071 4497; x_wconf 84' lang='lat' dir='ltr'>nist</span> <span class='ocrx_word' id='word_1_268' title='bbox 1088 4424 1148 4520; x_wconf 90' lang='lat' dir='ltr'>qui</span> <span class='ocrx_word' id='word_1_269' title='bbox 1177 4423 1333 4512; x_wconf 91' lang='lat' dir='ltr'>potuerit</span> <span class='ocrx_word' id='word_1_270' title='bbox 1352 4419 1518 4501; x_wconf 83' lang='lat' dir='ltr'>ostende·</span> 
     </span>
    </p>
   </div>
   <div class='ocr_carea' id='block_1_8' title="bbox 469 4515 1672 4622">
    <p class='ocr_par' dir='ltr' id='par_1_9' title="bbox 469 4515 1672 4622">
     <span class='ocr_line' id='line_1_38' title="bbox 469 4515 1672 4622; baseline -0.007 -19"><span class='ocrx_word' id='word_1_271' title='bbox 469 4547 510 4603; x_wconf 88' lang='lat' dir='ltr'>re</span> <span class='ocrx_word' id='word_1_272' title='bbox 526 4540 698 4599; x_wconf 85' lang='lat' dir='ltr'>aeternum</span> <span class='ocrx_word' id='word_1_273' title='bbox 716 4520 863 4622; x_wconf 85' lang='lat' dir='ltr'>aliquod</span> <span class='ocrx_word' id='word_1_274' title='bbox 874 4523 1012 4601; x_wconf 91' lang='lat' dir='ltr'>bonum</span> <span class='ocrx_word' id='word_1_275' title='bbox 1029 4520 1181 4596; x_wconf 88' lang='lat' dir='ltr'>obtineri</span> <span class='ocrx_word' id='word_1_276' title='bbox 1198 4515 1295 4616; x_wconf 73' lang='lat' dir='ltr'>pone</span> <span class='ocrx_word' id='word_1_277' title='bbox 1312 4516 1517 4601; x_wconf 75' lang='lat' dir='ltr'>mendacio.</span> <span class='ocrx_word' id='word_1_278' title='bbox 1670 4616 1672 4620; x_wconf 81' lang='lat'>.</span> 
     </span>
    </p>
   </div>
   <div class='ocr_carea' id='block_1_9' title="bbox 524 4617 1468 4701">
    <p class='ocr_par' dir='ltr' id='par_1_10' title="bbox 524 4617 1468 4701">
     <span class='ocr_line' id='line_1_39' title="bbox 524 4617 1468 4701; baseline -0.005 -1"><span class='ocrx_word' id='word_1_279' title='bbox 524 4620 621 4701; x_wconf 74' lang='lat' dir='ltr'>Tem.</span> <span class='ocrx_word' id='word_1_280' title='bbox 645 4623 711 4698; x_wconf 84' lang='lat' dir='ltr'>IX.</span> <span class='ocrx_word' id='word_1_281' title='bbox 1023 4617 1052 4699; x_wconf 81' lang='lat' dir='ltr'>F</span> <span class='ocrx_word' id='word_1_282' title='bbox 1077 4617 1096 4695; x_wconf 85' lang='lat' dir='ltr'>f</span> <span class='ocrx_word' id='word_1_283' title='bbox 1395 4618 1468 4698; x_wconf 81' lang='lat' dir='ltr'>seo</span> 
     </span>
    </p>
   </div>
   <div class='ocr_carea' id='block_1_10' title="bbox 0 0 2158 5350">
    <p class='ocr_par' dir='ltr' id='par_1_11' title="bbox 0 0 2158 5350">
     <span class='ocr_line' id='line_1_40' title="bbox 0 0 2158 5350; baseline 0 0"><span class='ocrx_word' id='word_1_284' title='bbox 0 0 2158 5350; x_wconf 95' lang='lat' dir='ltr'> </span> 
     </span>
    </p>
   </div>
  </div>
 </body>
</html>
