4234 5350
654 533 744 644 ne
815 507 1111 642 'ruobuon
1140 519 1372 628 &Mons
1391 521 1489 627 ru.
1498 523 1577 627 ru

657 720 799 786 certum
827 726 872 782 uc
886 700 929 782 sit
941 695 1132 790 cumides
1151 694 1359 780 consensum
1371 681 1497 788 suerit,
1514 682 1617 799 quod
1629 695 1711 797 pos-

656 803 754 885 iiciru
846 802 1102 901 impleturam
1126 800 1374 879 faciendumne
1401 803 1645 888 censebimus,
1662 811 1711 880 sti

657 904 1153 1080 intelligemusspsgusqusm
1168 904 1228 980 trii
1251 894 1367 1017 pretio
1379 907 1515 1018 merces
1535 899 1711 1008 ejusmodi

657 1005 942 1182 &emnem
957 1103 993 1178 in
1001 1022 1247 1200 urrdfrsrggiffin
1256 1001 1714 1208 Jefihngteeagegpsssffl

656 1219 829 1302 putamur
846 1225 912 1282 ore
931 1203 970 1277 in
1000 1199 1213 1297 blasphemia
1232 1199 1461 1278 seminante?
1481 1219 1544 1279 sut
1561 1205 1658 1278 enim
1671 1201 1714 1277 ii·

657 1306 756 1382 ‘cebit
781 1316 976 1399 utrumque
994 1304 1070 1401 puri
1094 1305 1232 1378 ratione
1250 1298 1461 1387 defendere.
1475 1315 1516 1379 ut
1537 1302 1620 1380 ideo
1632 1303 1714 1380 haeo

659 1419 740 1482 trun
762 1400 831 1480 esse
854 1396 1017 1479 dicantur
1038 1400 1165 1497 injusti
1182 1453 1192 1479 .
1210 1404 1292 1500 quia
1315 1424 1356 1476 ea
1378 1397 1465 1478 fam
1490 1402 1569 1479 sunt
1592 1405 1712 1479 inten-

658 1505 865 1602 tione,q'us
878 1500 1226 1601 deprehenderentur
1246 1500 1384 1596 iniusti3
1411 1518 1473 1579 eut
1499 1501 1622 1579 iisdnu
1642 1503 1713 1579 dos

659 1596 769 1682 sirion
792 1624 861 1680 nec
882 1611 1031 1700 propter
1060 1601 1298 1679 inveniendos
1325 1601 1510 1680 iraereticos
1536 1601 1613 1679 ruit
1642 1617 1713 1679 nos

658 1726 746 1784 cum
764 1701 903 1780 seminis
927 1699 1117 1797 impudicis
1135 1702 1254 1780 [ritem
1281 1705 1461 1800 cnrp'ore',
1483 1710 1560 1779 nun
1591 1709 1714 1779 mente

658 1802 820 1882 misceri,
841 1782 1005 1899 profesio
1028 1824 1096 1878 nec
1110 1818 1258 1900 propter
1273 1802 1506 1879 inveniendus
1527 1805 1714 1881 baerericus

660 1903 773 1982 'rults
795 1904 897 1979 nobis
912 1900 1031 1977 inirem
1047 1917 1138 1979 voce
1152 1910 1228 1979 sion
1248 1917 1389 1987 mente,
1401 1911 1462 1980 int
1487 1905 1712 2005 immundam

659 1997 1021 2102 lraere'iimpraedicrri
1045 2055 1056 2087 ,
1078 2019 1141 2079 eut
1166 1998 1295 2080 costum
1320 2002 1532 2080 catholicam
1562 2004 1714 2098 bsipbe·

658 2108 762 2181 muri·
788 2100 885 2197 Qrir
902 2101 939 2177 δι
950 2100 1063 2196 ipsum
1080 2105 1209 2179 mentis
1220 2104 1429 2199 imperium,
1443 2106 1503 2181 cni
1516 2103 1623 2180 debet
1633 2115 1715 2180 nor-⁸

659 2204 717 2282 iris
740 2205 885 2280 insertor
902 2216 1025 2279 mutus
1047 2197 1202 2280 bominis
1220 2202 1386 2290 obedire,
1406 2206 1520 2303 digno
1554 2224 1631 2278 non
1653 2225 1713 2281 cs·

660 2303 754 2382 tebit
774 2302 997 2400 opprobrip,
1015 2302 1163 2398 quando
1186 2301 1251 2389 fit,
1273 2302 1374 2401 quod
1402 2301 1476 2381 fleri
1495 2320 1572 2378 non
1601 2317 1714 2400 opor·

644 2415 736 2495 tet,
758 2401 815 2482 seu
832 2403 1017 2487 membro.
1034 2398 1092 2479 scu
1115 2405 1282 2487 verbm..
1310 2395 1456 2482 lnt'e'rest
1475 2402 1713 2503 quiden'rpius

660 2505 795 2582 simum
809 2550 820 2585 ‚
836 2523 905 2600 que
931 2500 1061 2587 causa,
1083 2522 1160 2597 quo
1185 2501 1255 2579 sine
1276 2503 1287 2591 i
1309 2512 1379 2603 qun
1403 2505 1602 2581 intentione
1621 2501 1711 2602 quid

660 2589 725 2680 in
747 2620 768 2708 ςΙ
782 2598 840 2679 sed
860 2621 901 2679 er
915 2653 925 2685 .
938 2606 1018 2698 quc
1034 2599 1277 2680 coustanteise
1297 2626 1461 2702 peccem,
1478 2601 1579 2681 nulio
1603 2606 1711 2689 bonae‘

660 2700 772 2780 causae
803 2706 980 2788 obtentu,
1001 2700 1103 2780 nuiio'
1128 2704 1224 2800 quoii
1246 2708 1348 2782 bono
1378 2706 1474 2795 fines
1495 2699 1592 2781 nuiss
1612 2702 1713 2785 reiut'

561 2838 572 2861 ·
622 2804 635 2825 ⁴
660 2800 759 2881 bons
777 2802 978 2880 intentione
1000 2800 1160 2880 socienda
1182 2802 1262 2884 sunt
1287 2826 1358 2899 ,·,„³

955 2964 1416 3064 Rruurnxn

377 3150 399 3191 ι
552 3152 555 3157 ⁴
656 3127 1716 3241 'AEquisocatiunum&restridionummentaiiumuidspcs

671 3235 680 3251 “
710 3245 744 3321 se
757 3243 868 3320 maius
884 3244 951 3320 est.
973 3246 1009 3319 &
1026 3245 1149 3340 quaris
1165 3248 1200 3318 in
1216 3243 1424 3332 occasione,
1437 3266 1629 3341 rerumque
1648 3249 1715 3321 cit·¹

708 3342 927 3420 cumstrntiis
947 3344 1164 3442 quibuslibet
1188 3345 1339 3427 iiiicirun

659 3500 1033 3664 AEquivocstiunes
1056 3501 1188 3587 enim,
1219 3503 1255 3575 ds
1279 3499 1511 3577 restrictiores
1541 3497 1718 3579 mentales·

779 3600 859 3677 sunt
882 3622 964 3677 vere
989 3599 1199 3684 mendacia.
1221 3602 1443 3695 proindeque
1470 3601 1643 3686 naturali.
1668 3620 1715 3678 ud

660 3701 780 3778 divina
800 3700 879 3796 iege
892 3703 1045 3777 omnino
1059 3698 1306 3795 probibentur.
1330 3754 1382 3791 „,‚
1410 3698 1472 3775 liie
1502 3724 1587 3770 emm
1611 3713 1713 3777 oreri-

659 3802 769 3885 titur,
784 3803 847 3897 qui
861 3799 955 3877 eliud
983 3800 1089 3875 babet
1109 3800 1146 3873 in
1167 3800 1310 3881 animo,-
1326 3802 1363 3874 &
1387 3800 1481 3877 aliud
1498 3803 1636 3887 verbis.
1654 3798 1713 3877 rei

659 3900 880 3997 quibuslibet
899 3896 1210 3993 significationibus
1222 3904 1394 3975 enuntiat.-
1408 3898 1513 3976 Unde
1525 3904 1629 3977 etiam
1644 3898 1714 3978 du-

659 4001 747 4098 plex
764 4021 828 4075 cor
851 4001 979 4075 dicitur
998 3992 1067 4071 esse
1089 3999 1313 4073 mentientis,
1340 4000 1374 4073 id
1392 4002 1466 4085 eii.
1489 4000 1626 4095 duplex
1647 4024 1720 4078 co·-

657 4093 1716 4196 gitatimonareiejus,qmmverameise.ve1scit.veipotat.

660 4199 700 4272 dt
711 4218 787 4270 nou
804 4196 965 4288 prosert;
980 4194 1086 4271 nitere
1100 4197 1174 4289 eius
1191 4201 1259 4285 rei,
1274 4221 1381 4296 quum
1395 4201 1532 4298 prussis
1547 4198 1712 4294 profert,

659 4290 771 4395 sciens
781 4293 894 4372 frisam
907 4290 994 4383 eise,
1008 4295 1064 4372 vei
1078 4314 1206 4395 putans
1220 4353 1272 4392 „„
1293 4296 1473 4396 (inquit.
1489 4296 1712 4394 Augustinus,

659 4391 720 4471 lib.
740 4399 793 4465 De
809 4405 1001 4484 sereniano,
1015 4419 1094 4497 cap.
1109 4414 1143 4491 3.
1162 4401 1182 4489 )
1713 4421 1716 4427 '

704 4488 750 4572 id
767 4493 957 4657 confirmat
980 4497 1191 4591 sassones,
1218 4497 1446 4663 Quodlibeto
1474 4511 1509 4590 8.
1528 4500 1654 4687 quirit..
1665 4492 1711 4583 de
