4234 5350
604 553 693 638 ,ψ
749 459 905 629 riou
933 533 1048 647 urg⁴
1076 527 1283 625 orioro
1311 528 1406 625 tu.
1420 511 1542 622 ru<
1695 619 1698 624 ,

609 704 701 782 uesci
726 703 979 784 isteedliones:
1002 760 1025 795 „
1038 751 1061 795 „
1078 703 1115 781 Si
1143 699 1215 777 line
1235 698 1404 778 mandato
1418 700 1568 799 quilque
1587 699 1670 780 elie·

610 809 665 881 nis
693 808 846 901 negotiis
870 802 1034 899 gerendis
1057 801 1090 878 se
1116 802 1296 904 obtulerit.
1334 801 1388 880 lix
1409 800 1599 897 quercitulo
1621 806 1672 889 ii.

611 926 770 997 quorum
788 907 932 1000 negotia
951 904 1045 996 gesta
1069 903 1225 987 luerint,
1252 903 1357 978 etiarn
1380 903 1586 996 ignorantes
1605 906 1673 980 ob-

611 1003 778 1100 ligantur.
804 1002 917 1100 quue
937 1004 1095 1081 utilitatis
1120 998 1219 1077 caula
1244 1018 1428 1094 receptum
1443 1001 1514 1081 ests
1531 1024 1597 1079 nec
1611 1005 1673 1079 ab·

610 1104 761 1181 lentium
776 1151 785 1181 ‚
798 1108 859 1201 qui
873 1102 982 1179 subita
993 1102 1213 1179 festinatione
1225 1101 1353 1185 coedi,
1369 1099 1456 1178 nulli
1472 1102 1664 1188 demendo

611 1217 648 1280 te
666 1205 898 1300 negotiorum
925 1200 1070 1281 suorum
1088 1200 1390 1280 administratione
1411 1223 1560 1298 peregre
1585 1224 1672 1298 pro·

611 1302 696 1380 letti
722 1299 851 1388 ellent,
880 1301 1120 1379 desererentur
1141 1304 1319 1397 negotiu;
1347 1322 1426 1394 quae
1457 1298 1534 1375 lene
1560 1325 1671 1377 nemo

610 1416 797 1480 curaturus
811 1399 915 1488 ellet,
941 1400 1022 1478 side
1031 1426 1099 1487 eo,
1120 1403 1219 1493 quod
1239 1403 1322 1496 quis
1332 1398 1574 1492 inipendiliet,
1590 1402 1671 1478 nul·

611 1503 683 1578 lam
704 1502 888 1580 habiturus
900 1498 983 1577 elset
997 1503 1185 1581 adiuuem.
1214 1499 1442 1577 Sicutautem
1455 1504 1483 1574 is
1497 1503 1580 1597 ,qui
1598 1504 1669 1579 uti·

611 1587 691 1679 liter
709 1591 810 1698 geilit
832 1603 998 1700 negotia,
1019 1603 1208 1677 dominum
1223 1598 1328 1677 habet
1337 1599 1534 1696 obligatum
1553 1603 1670 1696 nego.

612 1704 746 1780 tiorum
778 1699 961 1800 gestorum
986 1721 999 1790 ;
1028 1701 1133 1779 ita&
1165 1716 1290 1775 contro
1316 1697 1372 1773 ille
1390 1721 1539 1795 quoque
1567 1715 1666 1777 tene·

611 1815 694 1890 tur,
721 1812 762 1877 ut
785 1800 1093 1877 administrationis
1113 1798 1237 1878 reddat
1256 1804 1442 1879 rationem.
1470 1798 1560 1892 Quo
1587 1801 1668 1879 casu

610 1902 656 1976 dd
676 1896 925 1977 exauiffimam
947 1901 1028 1996 quis
1051 1925 1094 1977 ue
1115 1902 1333 1997 diligentiam
1356 1898 1571 1991 conpellitur
1585 1898 1668 1977 ted-

610 1999 694 2075 dere
706 1999 1021 2083 rationemeoecsu
1065 2004 1113 2077 cit
1125 2002 1229 2077 taleni
1243 1995 1461 2097 diligentiam
1472 1998 1664 2089 audiuere.

609 2098 752 2197 qualem
774 2096 839 2175 luis
855 2101 957 2176 rebus
984 2099 1152 2177 adhibere
1172 2099 1258 2176 solet
1275 2125 1286 2193 ;
1306 2100 1331 2175 si
1354 2092 1564 2176 modoalius
1587 2099 1666 2176 dili-

605 2202 752 2297 gentior
761 2221 807 2277 eo
818 2198 1047 2277 commodius
1059 2200 1357 2278 administraturus
1368 2193 1450 2276 elset
1460 2202 1674 2298 ueg'otie'„„ev

899 2340 1229 2436 Rucutt
1279 2351 1356 2434 Xl.

378 2515 385 2524 ·
531 2551 534 2556 .
609 2480 688 2578 Qui
706 2483 815 2564 aliena
828 2488 919 2583 gerit
932 2489 1101 2584 negotiu,
1126 2484 1171 2562 ud
1195 2482 1451 2574 restitutionem
1468 2471 1661 2589 aliquunde

605 2653 608 2660 .
659 2599 815 2781 tgeeulpgpirt
828 2588 878 2664 ob
901 2586 997 2666 cesus
1024 2580 1253 2673 fortuitor,li
1274 2581 1586 2682 abiquemrndato
1603 2588 1661 2669 uir

613 2805 731 2968 Sex
750 2808 845 2888 casus
870 2809 1052 2908 jurisperiti
1069 2805 1271 2893 recenient.
1296 2807 1331 2882 iri
1353 2807 1481 2907 quibus
1501 2809 1550 2887 ed·
1564 2812 1661 2892 resti·

474 3004 476 3008 Ι
699 2913 875 2987 tutionem
888 2908 1092 3008 hujusmodi
1119 2910 1351 3006 negotiorum
1377 2906 1591 2989 Procurator
1608 2929 1661 2990 te·

611 3024 738 3089 rietur,
763 3026 802 3087 ut
825 3010 931 3089 habet
944 3009 1064 3089 Glollu
1088 3011 1204 3108 legis,-
1230 3010 1266 3079 si
1282 3012 1437 3101 negotia,
1456 3014 1490 3084 in
1507 3014 1660 3106 Dig.·tit.

609 3113 668 3184 De
681 3112 841 3203 Negotiis
851 3107 949 3204 gestit
959 3161 970 3196 ,
986 3112 1030 3188 ad
1058 3114 1205 3187 verbum
1217 3153 1231 3193 ,-
1256 3111 1296 3178 Si
1309 3110 1438 3196 jolias,-
1459 3111 1586 3202 Nota(
1604 3116 1659 3189 in.

609 3212 720 3307 quit)
743 3209 801 3286 sex
823 3211 917 3288 casos
932 3255 942 3288 2
960 3214 995 3286 in
1019 3212 1147 3308 quibus
1167 3210 1287 3305 gellot
1307 3212 1538 3305 negotiorum
1561 3229 1657 3290 tene·

610 3324 669 3388 tur
683 3309 728 3386 de
741 3311 831 3389 calu·
860 3311 977 3388 Primo
991 3315 1026 3380 Si
1044 3309 1139 3406 geffir
1157 3314 1286 3402 negotia
1303 3313 1446 3402 pupilli,
1472 3327 1512 3389 ut
1533 3309 1574 3397 L.
1593 3320 1656 3383 Pu·

606 3411 705 3504 pilli,
725 3412 806 3487 eod.
822 3415 874 3488 tit·
901 3415 936 3486 in
958 3414 1148 3509 principio·
1176 3410 1366 3495 Secundo,
1389 3406 1416 3492 ft
1439 3413 1563 3506 ecceffit
1582 3415 1655 3484 eei·

608 3531 661 3580 me
684 3512 906 3603 depredandi,
935 3513 1014 3586 ibid.
1032 3517 1069 3602 ὅ.
1090 3512 1151 3581 Sed
1162 3562 1179 3596 ,
1204 3519 1242 3582 (e
1260 3506 1384 3600 ftqet's·
1400 3507 1546 3599 Tertio,
1566 3509 1593 3601 fi
1612 3516 1655 3584 ed

608 3631 696 3679 nova
718 3613 867 3702 negotia,
886 3611 1007 3686 eadem
1019 3611 1123 3707 lege,
1148 3612 1184 3679 Si
1202 3613 1342 3699 negotia.
1371 3604 1517 3696 Quarto
1530 3654 1544 3700 ,·
1561 3610 1666 3705 stul

604 3708 675 3796 [em
691 3710 726 3778 ire
743 3711 778 3794 se
796 3708 983 3803 specialiter
1006 3713 1153 3802 recipit,
1182 3704 1276 3783 uti.
1301 3710 1513 3805 Negotium,
1539 3737 1569 3790 o.
1597 3718 1653 3788 De

607 3811 747 3900 negotiis
765 3810 874 3901 gellis.
894 3809 1037 3902 Quinto
1053 3863 1065 3895 .
1086 3805 1221 3899 ficulpa
1235 3809 1428 3900 precederet
1446 3813 1572 3900 cesum,
1608 3813 1649 3893 L.

605 3911 709 3990 Sive,
731 3908 813 3989 eod.
831 3912 883 3984 tit.
897 3912 1009 3985 Sexto
1022 3962 1034 3996 ,
1048 3910 1084 3979 Si
1102 3904 1172 3997 seit
1187 3910 1346 4000 inmota,
1363 3910 1405 3991 L.
1419 3918 1498 3986 Crem
1510 3937 1562 3985 res
1576 3969 1588 4005 ‚
1600 3912 1653 3993 D.

601 4010 737 4114 titepe
748 4011 894 4102 Legati!-

888 4127 921 4207 R
948 4125 976 4206 E
1002 4128 1038 4208 G
1062 4129 1098 4207 U
1123 4128 1155 4208 L
1184 4132 1215 4212 A
1265 4129 1375 4213 ΧΠ.

598 4248 1648 4346 Ratione'tutelae,dotisdationis,delocietttis‚·litecom·
1682 4273 1685 4281 ’

650 4357 830 4429 munionis
843 4378 960 4431 rerum
977 4373 1117 4433 tenetur
1132 4358 1254 4456 aliquis
1274 4359 1316 4434 ad
1332 4363 1585 4439 restitutionem
1598 4375 1645 4437 ex

648 4453 751 4550 culpe
766 4454 833 4532 lata
848 4508 858 4542 ,
872 4455 907 4530 de
921 4456 1092 4545 ieiunii
1108 4457 1207 4538 aliter
1219 4463 1439 4540 conventum
1461 4460 1513 4538 fit·

1501 4581 1593 4664 Heu
