4234 5350
627 573 709 668 322
764 553 920 652 Theoi
943 555 1059 670 noge
1088 551 1304 654 &morai
1337 553 1433 666 lib.
1456 551 1534 654 lv.

627 731 764 808 recenti
784 732 958 808 memoria
980 729 1053 810 iun·
1076 749 1191 828 oper.
1213 730 1378 824 pecunias
1409 727 1574 810 scilieet,
1606 729 1685 812 vase

625 851 813 925 argentea,
825 849 886 910 aut
899 852 1002 907 turea
1013 887 1024 918 ,
1034 853 1214 927 gemmas,
1225 828 1359 926 aliaque
1371 827 1407 902 id
1422 853 1556 922 genus,
1571 834 1649 906 bein
1665 865 1685 904 .-

627 954 732 1019 runr.
750 946 812 1010 aut
829 931 1040 1029 praedonum
1055 947 1179 1017 metu,
1208 949 1269 1004 aut
1286 931 1453 1004 custodiar
1469 927 1567 1007 causa
1586 933 1681 1011 inio-

627 1029 745 1110 derit‚
772 1055 825 1108 res
852 1033 917 1107 nie
934 1029 1053 1107 haberi
1067 1053 1142 1106 non
1156 1025 1301 1126 poiiunt
1323 1050 1391 1125 pro
1409 1031 1596 1108 rhenano.
1615 1037 1679 1131 qui

627 1131 731 1206 cedat
751 1134 962 1208 inventori.
988 1131 1162 1226 siquidem
1185 1131 1375 1205 dominum
1404 1129 1505 1206 tuum
1530 1131 1677 1216 habent.

624 1223 733 1306 Unde
753 1237 815 1329 qui
832 1253 889 1308 tas
910 1251 1151 1324 occupaturus
1170 1227 1345 1305 eundern
1357 1282 1368 1314 ‚
1382 1227 1464 1304 furti
1478 1230 1649 1309 reoseiset
1660 1257 1675 1328 ς

622 1331 827 1408 uthabetur
847 1336 883 1406 in
909 1334 991 1424 urg.
1007 1331 1067 1406 lib.
1088 1349 1149 1423 41·
1177 1335 1231 1412 tit.
1260 1335 1313 1398 De
1345 1331 1539 1423 acquirendo
1561 1353 1674 1404 rerum

620 1433 776 1508 domino,
803 1428 844 1508 L.
869 1433 1054 1526 Nunquam
1080 1435 1164 1499 nuda
1193 1482 1204 1515 ,
1241 1435 1276 1520 §-
1302 1447 1332 1506 1·
1357 1430 1459 1525 cujus
1488 1431 1564 1506 haec
1592 1437 1674 1512 tunt

620 1535 750 1608 verbat
770 1587 792 1624 „
805 1587 827 1624 „
848 1530 1019 1628 Alioquin
1039 1529 1064 1604 st
1086 1532 1165 1626 quis
1186 1528 1346 1627 aliquid.
1368 1531 1424 1608 vei
1443 1531 1669 1619 lucricausa.

618 1630 677 1706 vei
695 1651 835 1716 metus,
852 1632 908 1707 vei
927 1633 1097 1708 cuiiodiae
1116 1627 1317 1705 condiderit
1328 1629 1389 1706 iub
1407 1644 1519 1712 terra,-
1533 1633 1669 1710 nuncii

617 1729 825 1813 thesaurus
844 1732 945 1826 cnjus
963 1731 1069 1806 eriam
1087 1729 1221 1806 iurtum
1240 1729 1281 1804 iit
1297 1781 1364 1821 Μ.
1394 1728 1507 1824 idque
1533 1733 1669 1807 contu

617 1849 695 1907 mat
714 1834 771 1906 lex
802 1837 961 1924 Peregre,
977 1851 1039 1922 44.
1062 1834 1115 1905 tin
1130 1835 1184 1901 De
1213 1835 1407 1925 acquirendo
1428 1852 1539 1900 rerum
1550 1832 1670 1923 podes.

614 1925 725 2017 done,
749 1931 850 2024 cujus
871 1935 947 2006 iraec
969 1929 1049 2006 sunt
1072 1935 1199 2006 verba:
1230 1985 1253 2022 „
1267 1986 1290 2022 „
1312 1925 1462 2024 Peregre
1487 1932 1667 2028 prni'eiiu·

614 2050 704 2116 rus,
737 2034 924 2126 pecuniam
946 2031 982 2105 in
1004 2045 1095 2108 terra
1117 2031 1285 2108 custodiat
1311 2033 1409 2107 cruia
1440 2034 1666 2117 condiderat.

611 2125 708 2206 Cum
724 2131 878 2208 reversus
893 2130 1016 2206 locum
1026 2130 1175 2207 thesauri
1186 2135 1359 2208 memoria
1373 2153 1451 2208 non
1463 2153 1663 2229 repeteret.

608 2251 657 2306 an
676 2228 823 2308 detiiiiet
846 2233 1034 2326 pecuniam
1055 2229 1262 2330 poffiderer
1285 2230 1386 2308 veiii
1416 2235 1535 2330 panea
1561 2257 1663 2311 reco-

608 2326 773 2425 gntvdiet
794 2331 952 2416 iocum,
982 2355 1028 2408 an
1045 2334 1231 2409 conteiiiut
1267 2331 1441 2426 podidere
1466 2338 1663 2426 inciperet,

607 2428 795 2526 quaefitom
815 2433 878 2510 est.
904 2427 1019 2518 Dixi,
1037 2437 1208 2529 quoniam
1231 2432 1401 2509 cuiiodiae
1431 2435 1529 2508 canii
1553 2455 1663 2527 pecu·

605 2533 663 2604 nia
691 2533 838 2606 condita
861 2553 1125 2630 proponeretur
1149 2587 1160 2618 ,
1175 2534 1239 2631 jus
1264 2527 1484 2624 poiieiironis
1505 2534 1565 2616 ei,
1594 2535 1659 2627 qui

603 2627 840 2716 condidiiset.
861 2653 937 2707 non
960 2629 1068 2708 videri
1096 2647 1320 2727 peremptum
1340 2652 1351 2719 ;
1376 2653 1444 2707 nec
1473 2627 1657 2709 iniirnnta·

601 2742 678 2807 tem
705 2737 888 2807 memorio
912 2730 1084 2807 damnum
1106 2730 1229 2807 afferre
1250 2726 1498 2828 poiieffionis„
1513 2782 1548 2821 ,‚.

649 2832 760 2908 Addit
776 2830 954 2927 angelicos
982 2828 1158 2919 unctor,
1184 2832 1409 2906 inventorem
1430 2830 1581 2907 theiauri
1603 2843 1656 2908 te·

598 2932 675 3006 neri
689 2931 882 3008 secundum
901 2930 998 3026 iuges
1017 2931 1153 3008 civiles,
1171 2933 1323 3006 mediam
1340 2948 1475 3026 partem
1490 2929 1573 3005 dare
1586 2931 1655 3009 do·

595 3032 700 3107 mino
720 3032 859 3131 praedii,
881 3028 957 3106 stin
983 3032 1101 3108 alieno
1117 3031 1453 3126 praedioinvenerit3
1479 3034 1580 3127 quod
1600 3047 1651 3110 ta·

595 3152 682 3205 men
704 3132 997 3227 intetiigendnrn,
1024 3132 1048 3208 n
1070 3132 1249 3210 fortuito,
1275 3156 1350 3208 non
1370 3134 1449 3208 data
1467 3154 1575 3226 opera
1599 3136 1653 3209 in·

594 3248 723 3307 ventus
736 3232 807 3325 eii3
827 3246 868 3307 ut
880 3229 1034 3311 declarat
1055 3229 1271 3330 justinianus
1292 3233 1352 3310 iib.
1383 3248 1438 3307 11.
1454 3237 1532 3314 luit.
1546 3239 1596 3309 tit.
1616 3254 1651 3305 rs

592 3334 630 3420 §·
651 3348 710 3422 39·
747 3386 806 3423 „„
840 3329 1041 3413 Thesauros
1066 3338 1085 3429 (
1100 3328 1241 3431 inquit)
1277 3357 1369 3431 quos
1398 3337 1529 3429 quirin
1561 3337 1648 3411 ioco

591 3432 657 3506 iun
680 3436 884 3522 inuenerit,
926 3434 1029 3514 divus
1066 3437 1239 3515 Adrianus
1268 3435 1463 3509 naturalem
1500 3444 1648 3532 aequita.

591 3541 668 3606 tem
690 3531 856 3621 secutos,
885 3535 918 3609 ei
947 3532 1151 3620 conceffit,
1177 3537 1238 3628 qui
1259 3536 1578 3608 eosinvenerit·.·
1595 3541 1644 3612 iit

592 3626 620 3703 ir
642 3634 722 3727 quis
744 3635 780 3708 in
799 3636 915 3711 alieno
928 3633 1043 3722 ioco,
1070 3658 1145 3710 non
1167 3635 1245 3708 data
1263 3635 1306 3705 ad
1330 3632 1403 3707 hoc
1422 3656 1556 3728 opera,
1581 3635 1640 3712 i'ed

591 3726 950 3813 fortuitoinrenerit‚
975 3734 1162 3810 dimidium
1178 3734 1331 3805 domino
1355 3731 1418 3806 soli
1446 3731 1640 3815 conccffitr

592 3827 630 3903 dc
652 3828 839 3907 dimidium
853 3836 1042 3914 inventori.
1072 3830 1114 3907 Et
1141 3837 1425 3919 convenienter,
1450 3833 1475 3907 st
1498 3856 1577 3930 qun
1600 3858 1640 3912 ro

591 3928 734 4005 enfans
748 3931 835 4007 loco
855 3935 1053 4010 invenerit,
1073 3932 1261 4006 dimidium
1286 3938 1502 4020 inventoris.
1526 3939 1562 4009 dt
1583 3937 1648 4012 di«-

589 4028 741 4105 tnidiunt
765 4027 833 4103 effe
855 4029 993 4105 Caeidris
1010 4029 1140 4105 statuit·
1178 4030 1247 4107 cni
1265 4039 1482 4110 convenient
1497 4036 1569 4120 eii,
1595 4051 1649 4113 ut·

589 4124 714 4220 siquis
729 4131 765 4201 in
785 4126 885 4202 fiscan
899 4127 1008 4214 loco,
1026 4129 1081 4206 vei
1101 4131 1269 4226 publico,
1296 4135 1351 4207 vei
1366 4139 1515 4210 ciuitatis
1538 4157 1638 4211 inve·

586 4243 679 4300 nent
692 4278 705 4312 ,
719 4226 904 4302 dimidium
920 4228 1025 4322 ipiius
1039 4226 1106 4305 effe
1126 4234 1320 4319 debean&
1339 4236 1634 4321 drmrdturniii'ci,

500 4332 502 4336 ’
586 4322 645 4396 vet
664 4327 848 4419 civitatis„
861 4376 896 4419 „.
920 4330 957 4405 Si
977 4352 1065 4405 vero
1084 4353 1160 4405 non
1180 4335 1257 4409 cain
1277 4382 1288 4414 ,
1321 4333 1377 4407 ied
1399 4335 1514 4408 iiudio
1534 4354 1631 4427 quat·

585 4424 687 4497 rendi
706 4426 894 4516 adhibito,
918 4431 953 4504 &
981 4434 1060 4507 data
1084 4454 1191 4527 opera
1215 4433 1411 4510 theiaurunr
1433 4434 1554 4529 aitqun
1575 4458 1630 4508 rn-

583 4526 682 4601 tenit
702 4531 739 4603 in
758 4526 999 4610 lundoniieuo
1011 4573 1021 4611 ‚
1034 4535 1061 4605 ii
1073 4533 1240 4610 doninus
1261 4534 1361 4610 iundr
1374 4576 1385 4617 ,
1400 4536 1454 4611 tei
1468 4534 1531 4710 10ss
1539 4553 1631 4611 con·¹

1126 4664 1131 4673 ·
1358 4708 1361 4719 ,
1533 4655 1576 4710 n-
