4234 5350
595 503 667 618 De
692 463 843 650 quarto
875 525 1082 643 Decalngi
1107 533 1332 647 praecepto.¹
1425 549 1485 635 at

423 715 487 789 tut
524 695 648 780 Exodi
665 715 725 774 20·
751 701 788 776 dc
807 716 867 793 24
898 700 992 797 ipson
1015 703 1167 798 pontem
1192 704 1229 778 in
1257 700 1362 785 filiu.
1390 720 1486 793 quot

427 801 541 902 pravis
559 798 737 892 exemplis
756 821 971 896 corruptos,
993 802 1138 881 suorum
1156 804 1351 882 imitatores
1367 799 1487 876 uimi-

430 925 516 979 num
541 905 784 993 reliquerunt.
805 901 843 976 de
865 906 943 980 tice
964 902 1078 989 versa.
1101 920 1246 998 peccata
1271 902 1427 978 filiorum
1449 900 1487 976 in

432 1002 632 1101 petentibus
656 1002 854 1095 puniuntur
875 1056 890 1086 ,
918 1026 1003 1081 cunt
1026 1002 1220 1098 negligenti
1248 1002 1487 1084 educatione.

432 1121 491 1181 aut
518 1100 774 1197 exemplorum
794 1104 966 1198 pravitate
983 1159 994 1186 .
1013 1102 1077 1203 ipfi
1100 1111 1210 1180 tuine
1234 1102 1395 1179 auctores
1424 1116 1489 1173 ex·

430 1207 592 1282 titetuot.
619 1220 649 1274 1.
676 1203 757 1294 teg.
782 1223 861 1300 cap.
875 1218 931 1274 12.
954 1223 1009 1293 ις.
1036 1206 1073 1273 Si
1090 1225 1153 1274 aaa
1173 1201 1349 1273 audieritis
1376 1216 1491 1268 vocem

426 1307 593 1380 Domini,
604 1292 662 1386 sed
685 1296 965 1388 exasperaveritis
982 1302 1144 1392 sermones
1172 1302 1271 1393 ejus,
1291 1302 1359 1373 etit
1378 1319 1493 1371 manus
1533 1364 1537 1378 ,

427 1406 576 1480 Domini
591 1407 687 1494 super
708 1423 795 1489 uos,
814 1405 857 1474 d*
875 1406 974 1495 super
996 1422 1109 1494 patres
1126 1403 1261 1482 vetros.

483 1503 670 1600 Quartum
680 1517 871 1600 parentum
884 1504 921 1578 in
935 1501 1026 1580 filios
1038 1501 1202 1582 officium
1213 1504 1400 1581 esteotum
1414 1521 1481 1576 cot
1509 1486 1671 1591 mm!

428 1623 552 1699 reptio
575 1656 587 1688 ,
612 1604 649 1676 dc
674 1602 857 1696 castigatio
887 1601 1002 1680 statim
1032 1629 1052 1682 a
1077 1609 1226 1701 pueritia
1246 1650 1258 1685 ‚
1277 1623 1358 1701 quae
1385 1577 1669 1693 prona⁶⁰¹¹⁶P⁰⁰⁰

431 1707 479 1784 ad
503 1700 639 1782 malum
662 1700 736 1782 eli,
755 1705 814 1783 &2
830 1700 893 1779 oifi
917 1721 1145 1788 coerceatur,
1168 1705 1250 1779 vitia
1273 1700 1435 1796 concipit
1456 1697 1502 1775 ad

432 1809 517 1884 aliae
538 1817 658 1882 aetates
681 1799 874 1886 ttanfituta.
905 1800 988 1906 Qua
1012 1806 1049 1882 in
1071 1828 1107 1880 re
1129 1803 1339 1899 prudentia,
1357 1797 1394 1874 dc
1421 1819 1505 1875 tuo·

432 1905 621 1982 deratione
642 1924 736 1995 opus
752 1902 822 1987 eil.
840 1920 881 1980 ut
909 1905 1075 1981 videlicet
1096 1926 1163 1981 nec
1180 1901 1411 1983 austeriores.
1435 1918 1505 1975 nec

432 2003 721 2099 indulgentiores
738 2020 907 2098 parentet
930 2002 1009 2081 sint.
1036 2004 1251 2095 Praeposlera
1281 2021 1437 2098 namque
1454 1996 1505 2074 se-

435 2110 586 2182 veritate
608 2098 649 2182 fit
664 2148 675 2182 2
692 2115 732 2183 ut
751 2105 850 2197 pueri
871 2101 983 2180 stadio
1000 2161 1012 2192 ,
1031 2105 1244 2200 abjectoque
1272 2104 1395 2178 animo
1411 2095 1505 2184 lint.

437 2206 529 2281 dum
540 2203 661 2283 omnia
672 2204 799 2300 timent
812 2248 823 2279 ‚
834 2206 936 2296 quod
952 2203 1177 2299 summopere
1188 2199 1390 2282 cauendum
1404 2203 1506 2292 Apo·

438 2302 550 2384 ilolua
579 2302 688 2376 docet
714 2300 759 2379 ad
786 2301 938 2395 Ephesios
959 2313 992 2380 6.
1022 2306 1058 2380 dc
1094 2305 1137 2379 ad
1160 2296 1321 2393 eclesia.
1352 2300 1507 2393 parenti-

437 2408 507 2489 bus
532 2403 763 2500 precipiens.
787 2401 944 2499 nequid
961 2409 1120 2485 acerbius
1140 2408 1177 2479 in
1203 2402 1333 2479 liberos
1354 2400 1509 2493 loquan-

437 2502 525 2591 tut'‚
544 2521 607 2578 aut
626 2499 800 2587 statuant,
823 2525 899 2601 quo
924 2503 967 2580 ad
991 2505 1209 2582 iracundiam
1238 2502 1285 2577 illi
1305 2520 1509 2592 provocem

441 2622 531 2702 tut„
551 2625 594 2686 ac
617 2607 653 2679 in
671 2601 952 2700 desperationem
972 2606 1132 2700 quodam
1155 2601 1270 2681 modo
1288 2598 1508 2700 compellan-

422 2720 522 2791 'tut3
556 2706 604 2775 Et
630 2725 689 2772 uos
702 2757 714 2790 ,
740 2709 855 2773 Patres
872 2753 883 2788 ,
903 2705 1006 2773 nolite
1036 2708 1078 2774 ad
1102 2705 1307 2776 iracundiam
1328 2715 1510 2792 prouocare

441 2803 532 2897 filins
550 2797 674 2885 uesicas
695 2833 708 2884 ;
730 2802 785 2888 sed
805 2806 940 2881 educate
965 2805 1037 2876 illos
1059 2807 1096 2878 ia
1118 2805 1310 2896 disciplina,
1337 2803 1380 2874 (t
1403 2821 1512 2872 cortu·

442 2927 552 3001 pleone
574 2909 780 2981 Damione·
807 2911 945 2990 Putes,
961 2906 1063 2976 nolite
1089 2910 1131 2977 cd
1152 2906 1408 3000 indignationem
1434 2920 1512 2994 pra·

359 3016 368 3027 “
444 3029 563 3079 uocate
583 3001 679 3091 filios
703 3004 846 3092 vesitus,
862 3027 897 3074 ut
919 3003 1102 3100 nonpufiila
1121 3031 1230 3078 animo
1244 3000 1343 3092 fiant.
1378 2993 1682 3100 singultientem

446 3123 503 3191 tur
532 3122 720 3203 petentum
759 3107 949 3200 imperium
968 3108 1141 3189 lenitate,
1168 3131 1211 3186 ac
1239 3102 1510 3182 mansuetudine
1524 3090 1713 3219 mimae

448 3223 699 3305 temperatum.
729 3203 818 3280 Non
845 3206 941 3302 quali
968 3208 1137 3293 servulis.
1166 3208 1224 3283 sed
1254 3203 1349 3298 quas
1379 3200 1454 3276 filiis
1476 3191 1690 3290 semmai.

450 3303 589 3403 praeesse
608 3309 797 3396 noverint3
814 3329 891 3383 non
909 3309 966 3385 irae
987 3305 1216 3399 impetu,sed
1239 3304 1416 3381 charitatis
1441 3305 1507 3376 im·
1521 3303 1592 3364 dine
1616 3315 1697 3366 tem·

449 3409 550 3507 pullu
585 3423 772 3502 peccantes
796 3409 1012 3501 corripiant,
1044 3409 1082 3482 dc
1114 3405 1330 3481 emendent:
1362 3391 1665 3478 Liberosrffl‘rm·

447 3511 629 3602 corrigere
655 3504 796 3586 malint,
816 3529 924 3680 paam
952 3503 1069 3583 ulcisci
1092 3532 1103 3598 ;
1129 3508 1184 3582 vel
1204 3506 1292 3582 seras
1318 3502 1404 3594 ipsae
1431 3503 1512 3577 ini-

450 3623 598 3689 tentor,
622 3627 702 3700 quae
724 3627 808 3688 cum
853 3612 991 3683 omines
1017 3623 1192 3694 terreant,
1211 3608 1247 3681 dc
1269 3607 1306 3680 in
1325 3603 1427 3704 sylvis
1444 3599 1514 3677 fre.

452 3723 574 3791 uiant,
601 3704 763 3781 santiam
789 3729 966 3790 omnem.
998 3732 1040 3785 ac
1064 3707 1239 3785 feritatem
1265 3702 1456 3799 deponunt
1476 3702 1514 3778 in
1540 3733 1543 3743 ·

450 3808 658 3905 speluncis,
684 3808 743 3880 ulai
784 3803 876 3881 filios
900 3808 980 3885 i'uoa
1008 3809 1119 3886 alunt.
1157 3806 1370 3885 Doceantut
1398 3802 1515 3897 gravii

453 3910 593 4005 peccati
616 3928 696 3979 teos
725 3899 793 3978 else
819 3929 1007 4000 patentes,
1028 3909 1088 4005 qui
1120 3909 1230 4004 magia
1257 3909 1306 3980 ita
1328 3924 1436 4002 quam
1460 3922 1517 3975 ta·

453 4013 556 4088 tione
577 4012 612 4081 in
636 4003 727 4085 lilios
752 4010 925 4087 seviunt,
948 4010 983 4082 dt
1005 4008 1171 4085 coercitis
1200 4007 1330 4087 etiam,
1359 4002 1516 4077 veniam·

452 4131 527 4207 que
550 4105 751 4202 petentibus
777 4105 963 4202 placabiles
984 4112 1141 4194 prebere
1162 4106 1195 4183 se
1215 4105 1358 4183 nolunt.

505 4207 647 4297 ,Verum
662 4226 737 4280 non
751 4211 868 4282 minue
880 4230 1005 4282 cavere
1018 4211 1150 4284 debent
1166 4218 1348 4302 parentes,
1366 4224 1411 4276 ne
1428 4198 1514 4295 quid
1529 4197 1683 4360 Efficit}

452 4310 572 4395 libetis
590 4329 653 4404 per
674 4305 933 4401 indulgentiam
949 4305 1113 4383 dissolute
1130 4309 1334 4382 remittant,
1361 4299 1386 4375 li
1408 4322 1514 4396 quam
1529 4358 1579 4421 tia

453 4411 600 4507 culpam
624 4408 903 4490 commiserunt,
924 4430 1004 4499 quat
1031 4407 1344 4504 objurgationem,
1359 4401 1395 4475 dc
1417 4399 1515 4476 casti-

383 4642 389 4649 .
454 4514 643 4613 gationem
666 4506 831 4685 pullulet.
860 4506 970 4689 Sep&
980 4509 1075 4698 epim
1095 4505 1158 4586 filii
1171 4505 1281 4586 nimia
1299 4502 1467 4676 Ιοηῑῗζὶῗ
1481 4501 1518 4577 dc
