<?xml version="1.0" encoding="UTF-8"?>
<!DOCTYPE html PUBLIC "-//W3C//DTD XHTML 1.0 Transitional//EN"
    "http://www.w3.org/TR/xhtml1/DTD/xhtml1-transitional.dtd">
<html xmlns="http://www.w3.org/1999/xhtml" xml:lang="en" lang="en">
 <head>
  <title>
</title>
<meta http-equiv="Content-Type" content="text/html;charset=utf-8" />
  <meta name='ocr-system' content='tesseract 3.04.00' />
  <meta name='ocr-capabilities' content='ocr_page ocr_carea ocr_par ocr_line ocrx_word'/>
</head>
<body>
  <div class='ocr_page' id='page_1' title='image "./theologiadogmat07alexgoog_0271.png"; bbox 0 0 4234 5350; ppageno 0'>
   <div class='ocr_carea' id='block_1_1' title="bbox 649 467 1588 622">
    <p class='ocr_par' dir='ltr' id='par_1_1' title="bbox 649 467 1588 622">
     <span class='ocr_line' id='line_1_1' title="bbox 649 467 1588 622; baseline -0.005 -14"><span class='ocrx_word' id='word_1_1' title='bbox 649 511 738 622; x_wconf 56' lang='grc' dir='ltr'>ατε</span> <span class='ocrx_word' id='word_1_2' title='bbox 836 467 1588 622; x_wconf 72' lang='lat' dir='ltr'>Theotmg.&#39;s&#39;sr0ra.ras.1u,</span> 
     </span>
    </p>
   </div>
   <div class='ocr_carea' id='block_1_2' title="bbox 426 679 1742 4646">
    <p class='ocr_par' dir='ltr' id='par_1_2' title="bbox 653 679 1710 780">
     <span class='ocr_line' id='line_1_2' title="bbox 653 679 1710 780; baseline 0 -18"><span class='ocrx_word' id='word_1_3' title='bbox 653 682 737 762; x_wconf 88' lang='lat' dir='ltr'>scite</span> <span class='ocrx_word' id='word_1_4' title='bbox 753 681 845 780; x_wconf 78' lang='lat' dir='ltr'>..qui</span> <span class='ocrx_word' id='word_1_5' title='bbox 879 699 964 759; x_wconf 89' lang='lat' dir='ltr'>cum</span> <span class='ocrx_word' id='word_1_6' title='bbox 991 681 1147 766; x_wconf 80' lang='lat' dir='ltr'>maxime</span> <span class='ocrx_word' id='word_1_7' title='bbox 1175 680 1218 758; x_wconf 93' lang='lat' dir='ltr'>ad</span> <span class='ocrx_word' id='word_1_8' title='bbox 1246 679 1368 766; x_wconf 88' lang='lat' dir='ltr'>Deum</span> <span class='ocrx_word' id='word_1_9' title='bbox 1392 679 1556 766; x_wconf 78' lang='lat' dir='ltr'>acredine</span> <span class='ocrx_word' id='word_1_10' title='bbox 1574 705 1586 776; x_wconf 88' lang='lat'>;</span> <span class='ocrx_word' id='word_1_11' title='bbox 1607 703 1710 762; x_wconf 80' lang='lat' dir='ltr'>teco-</span> 
     </span>
    </p>

    <p class='ocr_par' dir='ltr' id='par_1_3' title="bbox 547 777 1711 1276">
     <span class='ocr_line' id='line_1_3' title="bbox 547 777 1710 882; baseline 0.004 -26"><span class='ocrx_word' id='word_1_12' title='bbox 547 822 551 830; x_wconf 91' lang='lat'>·</span> <span class='ocrx_word' id='word_1_13' title='bbox 655 781 846 882; x_wconf 84' lang='lat' dir='ltr'>gnot&#39;cite‚</span> <span class='ocrx_word' id='word_1_14' title='bbox 871 786 932 876; x_wconf 87' lang='lat' dir='ltr'>qui</span> <span class='ocrx_word' id='word_1_15' title='bbox 954 784 1025 878; x_wconf 87' lang='lat' dir='ltr'>jam</span> <span class='ocrx_word' id='word_1_16' title='bbox 1047 777 1217 860; x_wconf 84' lang='lat' dir='ltr'>acceffille</span> <span class='ocrx_word' id='word_1_17' title='bbox 1246 804 1311 866; x_wconf 89' lang='lat' dir='ltr'>ros</span> <span class='ocrx_word' id='word_1_18' title='bbox 1340 780 1537 866; x_wconf 80' lang='lat' dir='ltr'>testificati.</span> <span class='ocrx_word' id='word_1_19' title='bbox 1563 785 1600 860; x_wconf 77' lang='grc' dir='ltr'>δι</span> <span class='ocrx_word' id='word_1_20' title='bbox 1620 806 1710 861; x_wconf 89' lang='lat' dir='ltr'>con·</span> 
     </span>
     <span class='ocr_line' id='line_1_4' title="bbox 656 879 1711 983; baseline 0.003 -24"><span class='ocrx_word' id='word_1_21' title='bbox 656 879 730 959; x_wconf 81' lang='lat' dir='ltr'>l&#39;eisr</span> <span class='ocrx_word' id='word_1_22' title='bbox 753 883 849 965; x_wconf 83' lang='lat' dir='ltr'>eliis.</span> <span class='ocrx_word' id='word_1_23' title='bbox 872 903 917 956; x_wconf 91' lang='lat' dir='ltr'>ne</span> <span class='ocrx_word' id='word_1_24' title='bbox 941 899 1002 960; x_wconf 89' lang='lat' dir='ltr'>aut</span> <span class='ocrx_word' id='word_1_25' title='bbox 1023 880 1254 978; x_wconf 83' lang='lat' dir='ltr'>ignorando,</span> <span class='ocrx_word' id='word_1_26' title='bbox 1276 897 1338 975; x_wconf 86' lang='lat' dir='ltr'>aut</span> <span class='ocrx_word' id='word_1_27' title='bbox 1359 879 1607 960; x_wconf 84' lang='lat' dir='ltr'>dissimulando</span> <span class='ocrx_word' id='word_1_28' title='bbox 1630 886 1711 983; x_wconf 83' lang='lat' dir='ltr'>quit</span> 
     </span>
     <span class='ocr_line' id='line_1_5' title="bbox 658 977 1711 1080; baseline 0.005 -23"><span class='ocrx_word' id='word_1_29' title='bbox 658 997 800 1078; x_wconf 80' lang='lat' dir='ltr'>peccet</span> <span class='ocrx_word' id='word_1_30' title='bbox 828 977 943 1058; x_wconf 86' lang='lat' dir='ltr'>Tanta</span> <span class='ocrx_word' id='word_1_31' title='bbox 963 981 1012 1058; x_wconf 81' lang='lat' dir='ltr'>eil</span> <span class='ocrx_word' id='word_1_32' title='bbox 1032 984 1127 1069; x_wconf 86' lang='lat' dir='ltr'>enim</span> <span class='ocrx_word' id='word_1_33' title='bbox 1150 982 1465 1080; x_wconf 74' lang='lat' dir='ltr'>voluptatumne,</span> <span class='ocrx_word' id='word_1_34' title='bbox 1481 996 1521 1059; x_wconf 92' lang='lat' dir='ltr'>nt</span> <span class='ocrx_word' id='word_1_35' title='bbox 1541 994 1711 1080; x_wconf 79' lang='lat' dir='ltr'>ignorari·</span> 
     </span>
     <span class='ocr_line' id='line_1_6' title="bbox 659 1079 1710 1176; baseline -0.002 -14"><span class='ocrx_word' id='word_1_36' title='bbox 659 1082 746 1162; x_wconf 86' lang='lat' dir='ltr'>tiam</span> <span class='ocrx_word' id='word_1_37' title='bbox 773 1079 926 1176; x_wconf 81' lang='lat' dir='ltr'>protelet</span> <span class='ocrx_word' id='word_1_38' title='bbox 947 1083 983 1158; x_wconf 91' lang='lat' dir='ltr'>in</span> <span class='ocrx_word' id='word_1_39' title='bbox 1010 1080 1268 1165; x_wconf 81' lang='lat' dir='ltr'>occasionem.</span> <span class='ocrx_word' id='word_1_40' title='bbox 1293 1083 1330 1159; x_wconf 76' lang='lat' dir='ltr'>n</span> <span class='ocrx_word' id='word_1_41' title='bbox 1355 1081 1605 1166; x_wconf 80' lang='lat' dir='ltr'>conscientiam</span> <span class='ocrx_word' id='word_1_42' title='bbox 1627 1105 1710 1164; x_wconf 72' lang='lat' dir='ltr'>cor..</span> 
     </span>
     <span class='ocr_line' id='line_1_7' title="bbox 659 1179 1307 1276; baseline -0.011 -16"><span class='ocrx_word' id='word_1_43' title='bbox 659 1196 805 1276; x_wconf 83' lang='lat' dir='ltr'>rumpat</span> <span class='ocrx_word' id='word_1_44' title='bbox 829 1182 865 1260; x_wconf 92' lang='lat' dir='ltr'>in</span> <span class='ocrx_word' id='word_1_45' title='bbox 891 1179 1201 1267; x_wconf 69' lang='lat' dir='ltr'>dissimulationem</span> <span class='ocrx_word' id='word_1_46' title='bbox 1229 1238 1251 1275; x_wconf 84' lang='lat'>„</span> <span class='ocrx_word' id='word_1_47' title='bbox 1271 1230 1307 1275; x_wconf 83' lang='lat'>„.</span> 
     </span>
    </p>

    <p class='ocr_par' dir='ltr' id='par_1_4' title="bbox 660 1277 1712 2280">
     <span class='ocr_line' id='line_1_8' title="bbox 711 1277 1707 1379; baseline 0.004 -26"><span class='ocrx_word' id='word_1_48' title='bbox 711 1282 758 1353; x_wconf 79' lang='lat' dir='ltr'>Er</span> <span class='ocrx_word' id='word_1_49' title='bbox 779 1301 847 1374; x_wconf 71' lang='lat' dir='ltr'>cap.</span> <span class='ocrx_word' id='word_1_50' title='bbox 867 1297 902 1373; x_wconf 87' lang='lat'>3.</span> <span class='ocrx_word' id='word_1_51' title='bbox 923 1337 948 1374; x_wconf 85' lang='lat'>„</span> <span class='ocrx_word' id='word_1_52' title='bbox 964 1338 986 1374; x_wconf 83' lang='lat'>„</span> <span class='ocrx_word' id='word_1_53' title='bbox 1024 1277 1279 1379; x_wconf 82' lang='lat' dir='ltr'>Quorumdam</span> <span class='ocrx_word' id='word_1_54' title='bbox 1309 1279 1395 1361; x_wconf 82' lang='lat' dir='ltr'>fides</span> <span class='ocrx_word' id='word_1_55' title='bbox 1417 1297 1479 1362; x_wconf 81' lang='lat' dir='ltr'>aut</span> <span class='ocrx_word' id='word_1_56' title='bbox 1497 1280 1707 1376; x_wconf 80' lang='lat' dir='ltr'>simplicior,</span> 
     </span>
     <span class='ocr_line' id='line_1_9' title="bbox 664 1378 1711 1478; baseline 0.004 -22"><span class='ocrx_word' id='word_1_57' title='bbox 664 1396 729 1460; x_wconf 81' lang='lat' dir='ltr'>eut</span> <span class='ocrx_word' id='word_1_58' title='bbox 740 1378 977 1477; x_wconf 82' lang='lat' dir='ltr'>scrupulosior</span> <span class='ocrx_word' id='word_1_59' title='bbox 993 1381 1038 1456; x_wconf 89' lang='lat' dir='ltr'>ad</span> <span class='ocrx_word' id='word_1_60' title='bbox 1055 1388 1146 1460; x_wconf 84' lang='lat' dir='ltr'>hanc</span> <span class='ocrx_word' id='word_1_61' title='bbox 1159 1381 1416 1464; x_wconf 78' lang='lat' dir='ltr'>abdicationem</span> <span class='ocrx_word' id='word_1_62' title='bbox 1433 1381 1711 1478; x_wconf 70' lang='lat' dir='ltr'>spefiaculorum</span> 
     </span>
     <span class='ocr_line' id='line_1_10' title="bbox 661 1479 1711 1578; baseline 0.003 -20"><span class='ocrx_word' id='word_1_63' title='bbox 661 1479 908 1578; x_wconf 79' lang='lat' dir='ltr'>descriptoris</span> <span class='ocrx_word' id='word_1_64' title='bbox 921 1481 1162 1559; x_wconf 73' lang='lat' dir='ltr'>nodositatem</span> <span class='ocrx_word' id='word_1_65' title='bbox 1177 1480 1359 1576; x_wconf 73' lang='lat' dir='ltr'>exposcit,</span> <span class='ocrx_word' id='word_1_66' title='bbox 1375 1482 1411 1557; x_wconf 80' lang='lat' dir='ltr'>dr</span> <span class='ocrx_word' id='word_1_67' title='bbox 1433 1481 1465 1559; x_wconf 86' lang='lat' dir='ltr'>se</span> <span class='ocrx_word' id='word_1_68' title='bbox 1477 1483 1513 1560; x_wconf 91' lang='lat' dir='ltr'>in</span> <span class='ocrx_word' id='word_1_69' title='bbox 1532 1488 1711 1561; x_wconf 88' lang='lat' dir='ltr'>incertum</span> 
     </span>
     <span class='ocr_line' id='line_1_11' title="bbox 660 1577 1710 1680; baseline 0.003 -22"><span class='ocrx_word' id='word_1_70' title='bbox 660 1580 984 1680; x_wconf 67' lang='lat' dir='ltr'>constituimquod</span> <span class='ocrx_word' id='word_1_71' title='bbox 1006 1603 1082 1657; x_wconf 90' lang='lat' dir='ltr'>non</span> <span class='ocrx_word' id='word_1_72' title='bbox 1097 1577 1349 1677; x_wconf 82' lang='lat' dir='ltr'>significanter,</span> <span class='ocrx_word' id='word_1_73' title='bbox 1367 1604 1485 1676; x_wconf 88' lang='lat' dir='ltr'>neque</span> <span class='ocrx_word' id='word_1_74' title='bbox 1497 1586 1710 1661; x_wconf 86' lang='lat' dir='ltr'>nominatim</span> 
     </span>
     <span class='ocr_line' id='line_1_12' title="bbox 661 1676 1711 1778; baseline 0.002 -21"><span class='ocrx_word' id='word_1_75' title='bbox 661 1679 893 1758; x_wconf 83' lang='lat' dir='ltr'>denuntietur</span> <span class='ocrx_word' id='word_1_76' title='bbox 914 1681 1016 1759; x_wconf 86' lang='lat' dir='ltr'>serris</span> <span class='ocrx_word' id='word_1_77' title='bbox 1048 1676 1120 1771; x_wconf 86' lang='lat' dir='ltr'>Dei</span> <span class='ocrx_word' id='word_1_78' title='bbox 1140 1680 1344 1767; x_wconf 85' lang='lat' dir='ltr'>abstinentia</span> <span class='ocrx_word' id='word_1_79' title='bbox 1366 1679 1578 1778; x_wconf 84' lang='lat' dir='ltr'>hujusmodi·</span> <span class='ocrx_word' id='word_1_80' title='bbox 1606 1680 1711 1759; x_wconf 87' lang='lat' dir='ltr'>Plane</span> 
     </span>
     <span class='ocr_line' id='line_1_13' title="bbox 663 1778 1711 1879; baseline -0.003 -17"><span class='ocrx_word' id='word_1_81' title='bbox 663 1779 837 1877; x_wconf 64' lang='lat' dir='ltr'>aulonam</span> <span class='ocrx_word' id='word_1_82' title='bbox 856 1781 1079 1865; x_wconf 72' lang='lat' dir='ltr'>invenimus,</span> <span class='ocrx_word' id='word_1_83' title='bbox 1093 1778 1400 1874; x_wconf 78' lang='lat' dir='ltr'>quemadmodum</span> <span class='ocrx_word' id='word_1_84' title='bbox 1414 1797 1534 1878; x_wconf 82' lang='lat' dir='ltr'>aperte</span> <span class='ocrx_word' id='word_1_85' title='bbox 1555 1780 1711 1879; x_wconf 81' lang='lat' dir='ltr'>positum</span> 
     </span>
     <span class='ocr_line' id='line_1_14' title="bbox 662 1877 1709 1970; baseline 0.006 -14"><span class='ocrx_word' id='word_1_86' title='bbox 662 1879 731 1964; x_wconf 84' lang='lat' dir='ltr'>est.</span> <span class='ocrx_word' id='word_1_87' title='bbox 748 1903 823 1957; x_wconf 86' lang='lat' dir='ltr'>nora</span> <span class='ocrx_word' id='word_1_88' title='bbox 835 1877 1001 1965; x_wconf 82' lang='lat' dir='ltr'>occider,</span> <span class='ocrx_word' id='word_1_89' title='bbox 1017 1900 1093 1956; x_wconf 90' lang='lat' dir='ltr'>non</span> <span class='ocrx_word' id='word_1_90' title='bbox 1105 1877 1243 1958; x_wconf 89' lang='lat' dir='ltr'>idolum</span> <span class='ocrx_word' id='word_1_91' title='bbox 1257 1880 1376 1957; x_wconf 80' lang='lat' dir='ltr'>coles,</span> <span class='ocrx_word' id='word_1_92' title='bbox 1392 1905 1467 1959; x_wconf 87' lang='lat' dir='ltr'>raon</span> <span class='ocrx_word' id='word_1_93' title='bbox 1479 1880 1709 1970; x_wconf 87' lang='lat' dir='ltr'>adulterium,</span> 
     </span>
     <span class='ocr_line' id='line_1_15' title="bbox 664 1976 1712 2072; baseline -0.001 -15"><span class='ocrx_word' id='word_1_94' title='bbox 664 1999 742 2057; x_wconf 91' lang='lat' dir='ltr'>non</span> <span class='ocrx_word' id='word_1_95' title='bbox 759 1976 918 2062; x_wconf 86' lang='lat' dir='ltr'>fraudem</span> <span class='ocrx_word' id='word_1_96' title='bbox 934 1977 1120 2072; x_wconf 67' lang='lat' dir='ltr'>admittam</span> <span class='ocrx_word' id='word_1_97' title='bbox 1141 1980 1189 2057; x_wconf 86' lang='lat' dir='ltr'>ira</span> <span class='ocrx_word' id='word_1_98' title='bbox 1201 1996 1322 2066; x_wconf 83' lang='lat' dir='ltr'>exerte</span> <span class='ocrx_word' id='word_1_99' title='bbox 1338 1978 1547 2065; x_wconf 77' lang='lat' dir='ltr'>delinitum,</span> <span class='ocrx_word' id='word_1_100' title='bbox 1563 1984 1712 2063; x_wconf 85' lang='lat' dir='ltr'>nonibis</span> 
     </span>
     <span class='ocr_line' id='line_1_16' title="bbox 663 2076 1712 2177; baseline -0.001 -20"><span class='ocrx_word' id='word_1_101' title='bbox 663 2077 703 2157; x_wconf 89' lang='lat' dir='ltr'>in</span> <span class='ocrx_word' id='word_1_102' title='bbox 724 2082 880 2166; x_wconf 80' lang='lat' dir='ltr'>circum,</span> <span class='ocrx_word' id='word_1_103' title='bbox 899 2099 975 2155; x_wconf 91' lang='lat' dir='ltr'>non</span> <span class='ocrx_word' id='word_1_104' title='bbox 992 2083 1030 2155; x_wconf 88' lang='lat' dir='ltr'>in</span> <span class='ocrx_word' id='word_1_105' title='bbox 1056 2076 1254 2164; x_wconf 85' lang='lat' dir='ltr'>theatrum,</span> <span class='ocrx_word' id='word_1_106' title='bbox 1282 2104 1461 2177; x_wconf 67' lang='lat' dir='ltr'>agonem,</span> <span class='ocrx_word' id='word_1_107' title='bbox 1483 2104 1612 2160; x_wconf 90' lang='lat' dir='ltr'>munus</span> <span class='ocrx_word' id='word_1_108' title='bbox 1635 2103 1712 2157; x_wconf 93' lang='lat' dir='ltr'>non</span> 
     </span>
     <span class='ocr_line' id='line_1_17' title="bbox 663 2176 1711 2280; baseline 0.005 -26"><span class='ocrx_word' id='word_1_109' title='bbox 663 2177 889 2275; x_wconf 79' lang='lat' dir='ltr'>exspesiabis.</span> <span class='ocrx_word' id='word_1_110' title='bbox 919 2176 989 2256; x_wconf 86' lang='lat' dir='ltr'>Sed</span> <span class='ocrx_word' id='word_1_111' title='bbox 1002 2180 1201 2257; x_wconf 84' lang='lat' dir='ltr'>invenimus</span> <span class='ocrx_word' id='word_1_112' title='bbox 1228 2178 1273 2260; x_wconf 89' lang='lat' dir='ltr'>ad</span> <span class='ocrx_word' id='word_1_113' title='bbox 1293 2180 1384 2256; x_wconf 84' lang='lat' dir='ltr'>hanc</span> <span class='ocrx_word' id='word_1_114' title='bbox 1399 2204 1546 2280; x_wconf 88' lang='lat' dir='ltr'>quoque</span> <span class='ocrx_word' id='word_1_115' title='bbox 1561 2180 1711 2277; x_wconf 83' lang='lat' dir='ltr'>speciem</span> 
     </span>
    </p>

    <p class='ocr_par' dir='ltr' id='par_1_5' title="bbox 462 2258 1713 2570">
     <span class='ocr_line' id='line_1_18' title="bbox 462 2258 1713 2376; baseline 0.004 -22"><span class='ocrx_word' id='word_1_116' title='bbox 462 2258 566 2334; x_wconf 48' lang='grc' dir='ltr'>ΨΜ</span> <span class='ocrx_word' id='word_1_117' title='bbox 584 2277 612 2323; x_wconf 79' lang='lat'>¹·</span> <span class='ocrx_word' id='word_1_118' title='bbox 666 2283 842 2376; x_wconf 84' lang='lat' dir='ltr'>pertinere</span> <span class='ocrx_word' id='word_1_119' title='bbox 867 2276 961 2354; x_wconf 90' lang='lat' dir='ltr'>illam</span> <span class='ocrx_word' id='word_1_120' title='bbox 993 2282 1145 2376; x_wconf 85' lang='lat' dir='ltr'>primam</span> <span class='ocrx_word' id='word_1_121' title='bbox 1177 2301 1305 2358; x_wconf 85' lang='lat' dir='ltr'>vocem</span> <span class='ocrx_word' id='word_1_122' title='bbox 1339 2277 1485 2368; x_wconf 75' lang='lat' dir='ltr'>David:</span> <span class='ocrx_word' id='word_1_123' title='bbox 1510 2282 1605 2358; x_wconf 73' lang='lat' dir='ltr'>Felix</span> <span class='ocrx_word' id='word_1_124' title='bbox 1628 2287 1713 2368; x_wconf 82' lang='lat' dir='ltr'>vir,</span> 
     </span>
     <span class='ocr_line' id='line_1_19' title="bbox 666 2373 1713 2475; baseline -0.001 -27"><span class='ocrx_word' id='word_1_125' title='bbox 666 2385 724 2475; x_wconf 79' lang='lat' dir='ltr'>qui</span> <span class='ocrx_word' id='word_1_126' title='bbox 744 2401 805 2448; x_wconf 90' lang='lat' dir='ltr'>norr</span> <span class='ocrx_word' id='word_1_127' title='bbox 824 2373 908 2456; x_wconf 81' lang='lat' dir='ltr'>abiis</span> <span class='ocrx_word' id='word_1_128' title='bbox 930 2385 965 2451; x_wconf 87' lang='lat' dir='ltr'>in</span> <span class='ocrx_word' id='word_1_129' title='bbox 990 2376 1120 2465; x_wconf 66' lang='lat' dir='ltr'>confisis</span> <span class='ocrx_word' id='word_1_130' title='bbox 1145 2381 1344 2474; x_wconf 81' lang='lat' dir='ltr'>impiorum,</span> <span class='ocrx_word' id='word_1_131' title='bbox 1367 2383 1410 2452; x_wconf 64' lang='lat' dir='ltr'>(ff</span> <span class='ocrx_word' id='word_1_132' title='bbox 1430 2384 1466 2450; x_wconf 85' lang='lat' dir='ltr'>irs</span> <span class='ocrx_word' id='word_1_133' title='bbox 1484 2382 1543 2449; x_wconf 84' lang='lat' dir='ltr'>via</span> <span class='ocrx_word' id='word_1_134' title='bbox 1564 2400 1713 2474; x_wconf 82' lang='lat' dir='ltr'>peccato.</span> 
     </span>
     <span class='ocr_line' id='line_1_20' title="bbox 665 2474 1626 2570; baseline -0.003 -19"><span class='ocrx_word' id='word_1_135' title='bbox 665 2504 740 2551; x_wconf 82' lang='lat' dir='ltr'>rum</span> <span class='ocrx_word' id='word_1_136' title='bbox 768 2501 829 2548; x_wconf 84' lang='lat' dir='ltr'>non</span> <span class='ocrx_word' id='word_1_137' title='bbox 843 2474 961 2560; x_wconf 73' lang='lat' dir='ltr'>sterit,</span> <span class='ocrx_word' id='word_1_138' title='bbox 979 2502 1036 2550; x_wconf 85' lang='lat' dir='ltr'>rtet</span> <span class='ocrx_word' id='word_1_139' title='bbox 1059 2487 1095 2547; x_wconf 86' lang='lat' dir='ltr'>r&#39;rr</span> <span class='ocrx_word' id='word_1_140' title='bbox 1119 2480 1272 2548; x_wconf 77' lang='lat' dir='ltr'>cathedra</span> <span class='ocrx_word' id='word_1_141' title='bbox 1297 2475 1430 2569; x_wconf 79' lang='lat' dir='ltr'>pellium</span> <span class='ocrx_word' id='word_1_142' title='bbox 1447 2479 1534 2565; x_wconf 79' lang='lat' dir='ltr'>sedit</span> <span class='ocrx_word' id='word_1_143' title='bbox 1554 2528 1626 2570; x_wconf 76' lang='lat'>„‚,.</span> 
     </span>
    </p>

    <p class='ocr_par' dir='ltr' id='par_1_6' title="bbox 426 2564 1716 2707">
     <span class='ocr_line' id='line_1_21' title="bbox 426 2564 1716 2707; baseline 0.004 -55"><span class='ocrx_word' id='word_1_144' title='bbox 426 2611 429 2616; x_wconf 92' lang='lat'>·</span> <span class='ocrx_word' id='word_1_145' title='bbox 468 2564 640 2707; x_wconf 56' lang='grc' dir='ltr'>89θὲξὲωῆ</span> <span class='ocrx_word' id='word_1_146' title='bbox 716 2573 840 2648; x_wconf 72' lang='lat' dir='ltr'>amaea</span> <span class='ocrx_word' id='word_1_147' title='bbox 859 2595 980 2681; x_wconf 48' lang='lat' dir='ltr'>capa,</span> <span class='ocrx_word' id='word_1_148' title='bbox 999 2633 1023 2666; x_wconf 84' lang='lat'><strong>„</strong></span> <span class='ocrx_word' id='word_1_149' title='bbox 1037 2633 1059 2669; x_wconf 81' lang='lat'><strong>„</strong></span> <span class='ocrx_word' id='word_1_150' title='bbox 1088 2576 1197 2675; x_wconf 82' lang='lat' dir='ltr'>Quasi</span> <span class='ocrx_word' id='word_1_151' title='bbox 1220 2601 1342 2675; x_wconf 81' lang='lat' dir='ltr'>parum</span> <span class='ocrx_word' id='word_1_152' title='bbox 1360 2580 1464 2655; x_wconf 92' lang='lat' dir='ltr'>etiam</span> <span class='ocrx_word' id='word_1_153' title='bbox 1484 2578 1528 2654; x_wconf 91' lang='lat' dir='ltr'>de</span> <span class='ocrx_word' id='word_1_154' title='bbox 1541 2579 1716 2673; x_wconf 76' lang='lat' dir='ltr'>speclacu·</span> 
     </span>
    </p>

    <p class='ocr_par' dir='ltr' id='par_1_7' title="bbox 464 2661 1717 2976">
     <span class='ocr_line' id='line_1_22' title="bbox 464 2661 1717 2793; baseline 0.002 -39"><span class='ocrx_word' id='word_1_155' title='bbox 464 2666 542 2793; x_wconf 52' lang='grc' dir='ltr'>ξξηψ</span> <span class='ocrx_word' id='word_1_156' title='bbox 565 2661 656 2786; x_wconf 39' lang='grc' dir='ltr'>ἔξω</span> <span class='ocrx_word' id='word_1_157' title='bbox 666 2678 707 2755; x_wconf 90' lang='lat' dir='ltr'>lis</span> <span class='ocrx_word' id='word_1_158' title='bbox 723 2681 972 2772; x_wconf 79' lang='lat' dir='ltr'>pronuntietur</span> <span class='ocrx_word' id='word_1_159' title='bbox 991 2698 1004 2768; x_wconf 88' lang='lat'>;</span> <span class='ocrx_word' id='word_1_160' title='bbox 1026 2701 1110 2756; x_wconf 88' lang='lat' dir='ltr'>cum</span> <span class='ocrx_word' id='word_1_161' title='bbox 1134 2677 1419 2773; x_wconf 80' lang='lat' dir='ltr'>concupiscentia</span> <span class='ocrx_word' id='word_1_162' title='bbox 1442 2679 1546 2760; x_wconf 89' lang='lat' dir='ltr'>seculi</span> <span class='ocrx_word' id='word_1_163' title='bbox 1570 2679 1717 2761; x_wconf 86' lang='lat' dir='ltr'>damna·</span> 
     </span>
     <span class='ocr_line' id='line_1_23' title="bbox 466 2768 1712 2880; baseline -0.002 -20"><span class='ocrx_word' id='word_1_164' title='bbox 466 2768 613 2880; x_wconf 73' lang='lat' dir='ltr'>lupeitum</span> <span class='ocrx_word' id='word_1_165' title='bbox 669 2799 735 2861; x_wconf 88' lang='lat' dir='ltr'>tur.</span> <span class='ocrx_word' id='word_1_166' title='bbox 763 2776 858 2856; x_wconf 84' lang='lat' dir='ltr'>Nam</span> <span class='ocrx_word' id='word_1_167' title='bbox 882 2777 971 2857; x_wconf 82' lang='lat' dir='ltr'>sicut</span> <span class='ocrx_word' id='word_1_168' title='bbox 995 2783 1154 2875; x_wconf 80' lang='lat' dir='ltr'>pecuniae</span> <span class='ocrx_word' id='word_1_169' title='bbox 1180 2827 1191 2862; x_wconf 64' lang='lat' dir='ltr'>s</span> <span class='ocrx_word' id='word_1_170' title='bbox 1221 2779 1276 2858; x_wconf 87' lang='lat' dir='ltr'>vel</span> <span class='ocrx_word' id='word_1_171' title='bbox 1300 2780 1500 2874; x_wconf 78' lang='lat' dir='ltr'>dignitatis,</span> <span class='ocrx_word' id='word_1_172' title='bbox 1519 2776 1573 2856; x_wconf 88' lang='lat' dir='ltr'>rel</span> <span class='ocrx_word' id='word_1_173' title='bbox 1597 2780 1712 2873; x_wconf 80' lang='lat' dir='ltr'>gule.</span> 
     </span>
     <span class='ocr_line' id='line_1_24' title="bbox 464 2876 1715 2976; baseline -0.002 -19"><span class='ocrx_word' id='word_1_174' title='bbox 464 2876 589 2938; x_wconf 51' lang='lat' dir='ltr'>5⁰⁰0ssss</span> <span class='ocrx_word' id='word_1_175' title='bbox 670 2879 724 2957; x_wconf 84' lang='lat' dir='ltr'>sel</span> <span class='ocrx_word' id='word_1_176' title='bbox 746 2879 918 2956; x_wconf 58' lang='lat' dir='ltr'>libidinis,</span> <span class='ocrx_word' id='word_1_177' title='bbox 942 2880 995 2956; x_wconf 83' lang='lat' dir='ltr'>rel</span> <span class='ocrx_word' id='word_1_178' title='bbox 1015 2880 1163 2976; x_wconf 81' lang='lat' dir='ltr'>gloriae.</span> <span class='ocrx_word' id='word_1_179' title='bbox 1184 2880 1230 2965; x_wconf 83' lang='lat' dir='ltr'>ita</span> <span class='ocrx_word' id='word_1_180' title='bbox 1262 2878 1298 2959; x_wconf 80' lang='lat' dir='ltr'>dr</span> <span class='ocrx_word' id='word_1_181' title='bbox 1331 2878 1524 2974; x_wconf 80' lang='lat' dir='ltr'>voluntatis</span> <span class='ocrx_word' id='word_1_182' title='bbox 1540 2883 1715 2974; x_wconf 84' lang='lat' dir='ltr'>concupi·</span> 
     </span>
    </p>

    <p class='ocr_par' dir='ltr' id='par_1_8' title="bbox 463 2970 1689 3074">
     <span class='ocr_line' id='line_1_25' title="bbox 463 2970 1689 3074; baseline -0.004 -18"><span class='ocrx_word' id='word_1_183' title='bbox 463 2970 547 3019; x_wconf 57' lang='grc' dir='ltr'>Μ·</span> <span class='ocrx_word' id='word_1_184' title='bbox 667 2978 794 3056; x_wconf 84' lang='lat' dir='ltr'>scentia</span> <span class='ocrx_word' id='word_1_185' title='bbox 819 2979 890 3065; x_wconf 73' lang='lat' dir='ltr'>elis</span> <span class='ocrx_word' id='word_1_186' title='bbox 914 2978 1041 3074; x_wconf 83' lang='lat' dir='ltr'>species</span> <span class='ocrx_word' id='word_1_187' title='bbox 1063 2994 1183 3059; x_wconf 91' lang='lat' dir='ltr'>autem</span> <span class='ocrx_word' id='word_1_188' title='bbox 1206 2978 1396 3071; x_wconf 83' lang='lat' dir='ltr'>voluntatis</span> <span class='ocrx_word' id='word_1_189' title='bbox 1412 2978 1600 3073; x_wconf 75' lang='lat' dir='ltr'>spenaeule</span> <span class='ocrx_word' id='word_1_190' title='bbox 1614 3031 1689 3069; x_wconf 83' lang='lat'>„„.</span> 
     </span>
    </p>

    <p class='ocr_par' dir='ltr' id='par_1_9' title="bbox 468 3070 1716 3373">
     <span class='ocr_line' id='line_1_26' title="bbox 469 3070 1716 3174; baseline -0.006 -12"><span class='ocrx_word' id='word_1_191' title='bbox 469 3070 640 3161; x_wconf 63' lang='lat' dir='ltr'>spetacula</span> <span class='ocrx_word' id='word_1_192' title='bbox 722 3082 883 3173; x_wconf 72' lang='lat' dir='ltr'>Etpasto</span> <span class='ocrx_word' id='word_1_193' title='bbox 906 3077 1001 3173; x_wconf 77' lang='lat' dir='ltr'>posit</span> <span class='ocrx_word' id='word_1_194' title='bbox 1033 3133 1055 3170; x_wconf 83' lang='lat'>„</span> <span class='ocrx_word' id='word_1_195' title='bbox 1072 3129 1098 3166; x_wconf 87' lang='grc'>,.</span> <span class='ocrx_word' id='word_1_196' title='bbox 1140 3077 1192 3154; x_wconf 82' lang='lat' dir='ltr'>nd</span> <span class='ocrx_word' id='word_1_197' title='bbox 1215 3077 1441 3174; x_wconf 81' lang='lat' dir='ltr'>principalem</span> <span class='ocrx_word' id='word_1_198' title='bbox 1473 3079 1716 3156; x_wconf 73' lang='lat' dir='ltr'>sonoritatem</span> 
     </span>
     <span class='ocr_line' id='line_1_27' title="bbox 468 3160 1716 3303; baseline -0.001 -47"><span class='ocrx_word' id='word_1_199' title='bbox 468 3160 645 3303; x_wconf 50' lang='lat' dir='ltr'>ffi‘ffinffas</span> <span class='ocrx_word' id='word_1_200' title='bbox 669 3198 859 3257; x_wconf 82' lang='lat' dir='ltr'>convertar</span> <span class='ocrx_word' id='word_1_201' title='bbox 871 3177 975 3277; x_wconf 81' lang='lat' dir='ltr'>ipsius</span> <span class='ocrx_word' id='word_1_202' title='bbox 998 3176 1295 3274; x_wconf 80' lang='lat' dir='ltr'>signaculinostri</span> <span class='ocrx_word' id='word_1_203' title='bbox 1324 3176 1558 3274; x_wconf 87' lang='lat' dir='ltr'>Cumaquam</span> <span class='ocrx_word' id='word_1_204' title='bbox 1577 3177 1716 3274; x_wconf 81' lang='lat' dir='ltr'>ingressi</span> 
     </span>
     <span class='ocr_line' id='line_1_28' title="bbox 472 3275 1716 3373; baseline -0.006 -12"><span class='ocrx_word' id='word_1_205' title='bbox 472 3299 604 3372; x_wconf 71' lang='lat' dir='ltr'>diaboli,</span> <span class='ocrx_word' id='word_1_206' title='bbox 668 3281 888 3357; x_wconf 79' lang='lat' dir='ltr'>christianam</span> <span class='ocrx_word' id='word_1_207' title='bbox 912 3276 1032 3357; x_wconf 84' lang='lat' dir='ltr'>Fidem</span> <span class='ocrx_word' id='word_1_208' title='bbox 1050 3283 1086 3353; x_wconf 90' lang='lat' dir='ltr'>in</span> <span class='ocrx_word' id='word_1_209' title='bbox 1101 3281 1186 3373; x_wconf 86' lang='lat' dir='ltr'>legis</span> <span class='ocrx_word' id='word_1_210' title='bbox 1205 3276 1272 3354; x_wconf 82' lang='lat' dir='ltr'>suae</span> <span class='ocrx_word' id='word_1_211' title='bbox 1286 3280 1391 3354; x_wconf 85' lang='lat' dir='ltr'>rerba</span> <span class='ocrx_word' id='word_1_212' title='bbox 1407 3275 1640 3369; x_wconf 80' lang='lat' dir='ltr'>profitemur,</span> <span class='ocrx_word' id='word_1_213' title='bbox 1663 3301 1716 3354; x_wconf 87' lang='lat' dir='ltr'>re·</span> 
     </span>
    </p>

    <p class='ocr_par' dir='ltr' id='par_1_10' title="bbox 470 3377 1713 3517">
     <span class='ocr_line' id='line_1_29' title="bbox 470 3377 1713 3517; baseline -0.002 -61"><span class='ocrx_word' id='word_1_214' title='bbox 470 3378 576 3517; x_wconf 47' lang='lat' dir='ltr'>{uinus</span> <span class='ocrx_word' id='word_1_215' title='bbox 595 3380 626 3436; x_wconf 80' lang='lat' dir='ltr'>an</span> <span class='ocrx_word' id='word_1_216' title='bbox 670 3377 841 3465; x_wconf 87' lang='lat' dir='ltr'>nuntiasse</span> <span class='ocrx_word' id='word_1_217' title='bbox 868 3403 935 3457; x_wconf 80' lang='lat' dir='ltr'>nos</span> <span class='ocrx_word' id='word_1_218' title='bbox 960 3377 1179 3466; x_wconf 85' lang='lat' dir='ltr'>diabolo,&amp;</span> <span class='ocrx_word' id='word_1_219' title='bbox 1202 3400 1374 3472; x_wconf 76' lang='lat' dir='ltr'>pompa.</span> <span class='ocrx_word' id='word_1_220' title='bbox 1397 3380 1433 3452; x_wconf 84' lang='lat' dir='ltr'>dr</span> <span class='ocrx_word' id='word_1_221' title='bbox 1457 3378 1600 3474; x_wconf 83' lang='lat' dir='ltr'>Angelis</span> <span class='ocrx_word' id='word_1_222' title='bbox 1615 3378 1713 3472; x_wconf 86' lang='lat' dir='ltr'>ejus.</span> 
     </span>
    </p>

    <p class='ocr_par' dir='ltr' id='par_1_11' title="bbox 469 3450 1717 3600">
     <span class='ocr_line' id='line_1_30' title="bbox 469 3450 1717 3600; baseline -0.027 -8"><span class='ocrx_word' id='word_1_223' title='bbox 469 3450 636 3600; x_wconf 44' lang='lat' dir='ltr'>‘timii</span> <span class='ocrx_word' id='word_1_224' title='bbox 670 3502 734 3556; x_wconf 90' lang='lat' dir='ltr'>ore</span> <span class='ocrx_word' id='word_1_225' title='bbox 750 3479 871 3561; x_wconf 78' lang='lat' dir='ltr'>nostro</span> <span class='ocrx_word' id='word_1_226' title='bbox 893 3478 1142 3563; x_wconf 83' lang='lat' dir='ltr'>contestamur.</span> <span class='ocrx_word' id='word_1_227' title='bbox 1171 3476 1286 3571; x_wconf 92' lang='lat' dir='ltr'>Quod</span> <span class='ocrx_word' id='word_1_228' title='bbox 1301 3481 1366 3552; x_wconf 88' lang='lat' dir='ltr'>erit</span> <span class='ocrx_word' id='word_1_229' title='bbox 1385 3476 1584 3555; x_wconf 69' lang='lat' dir='ltr'>summum,</span> <span class='ocrx_word' id='word_1_230' title='bbox 1609 3494 1717 3571; x_wconf 86' lang='lat' dir='ltr'>atque</span> 
     </span>
    </p>

    <p class='ocr_par' dir='ltr' id='par_1_12' title="bbox 471 3577 1742 4272">
     <span class='ocr_line' id='line_1_31' title="bbox 471 3577 1716 3676; baseline -0.001 -23"><span class='ocrx_word' id='word_1_231' title='bbox 471 3622 547 3675; x_wconf 56' lang='grc' dir='ltr'>Μ,</span> <span class='ocrx_word' id='word_1_232' title='bbox 670 3586 912 3676; x_wconf 83' lang='lat' dir='ltr'>praecipuum,</span> <span class='ocrx_word' id='word_1_233' title='bbox 929 3583 964 3654; x_wconf 91' lang='lat' dir='ltr'>in</span> <span class='ocrx_word' id='word_1_234' title='bbox 993 3601 1069 3674; x_wconf 92' lang='lat' dir='ltr'>quo</span> <span class='ocrx_word' id='word_1_235' title='bbox 1093 3579 1253 3653; x_wconf 87' lang='lat' dir='ltr'>diabolus</span> <span class='ocrx_word' id='word_1_236' title='bbox 1271 3625 1280 3654; x_wconf 78' lang='lat'>‚</span> <span class='ocrx_word' id='word_1_237' title='bbox 1298 3577 1510 3672; x_wconf 62' lang='lat' dir='ltr'>&amp;pompm</span> <span class='ocrx_word' id='word_1_238' title='bbox 1534 3579 1570 3651; x_wconf 80' lang='lat' dir='ltr'>dr</span> <span class='ocrx_word' id='word_1_239' title='bbox 1589 3577 1716 3672; x_wconf 80' lang='lat' dir='ltr'>Angeli</span> 
     </span>
     <span class='ocr_line' id='line_1_32' title="bbox 668 3674 1716 3774; baseline -0.001 -21"><span class='ocrx_word' id='word_1_240' title='bbox 668 3681 743 3774; x_wconf 82' lang='lat' dir='ltr'>rjus</span> <span class='ocrx_word' id='word_1_241' title='bbox 765 3677 991 3761; x_wconf 83' lang='lat' dir='ltr'>censeantur,</span> <span class='ocrx_word' id='word_1_242' title='bbox 1019 3701 1125 3772; x_wconf 87' lang='lat' dir='ltr'>quam</span> <span class='ocrx_word' id='word_1_243' title='bbox 1150 3674 1450 3756; x_wconf 73' lang='lat' dir='ltr'>idololatrici...</span> <span class='ocrx_word' id='word_1_244' title='bbox 1489 3674 1601 3770; x_wconf 84' lang='lat' dir='ltr'>Igitur</span> <span class='ocrx_word' id='word_1_245' title='bbox 1621 3675 1644 3756; x_wconf 83' lang='lat' dir='ltr'>si</span> <span class='ocrx_word' id='word_1_246' title='bbox 1669 3697 1716 3752; x_wconf 82' lang='lat' dir='ltr'>ex</span> 
     </span>
     <span class='ocr_line' id='line_1_33' title="bbox 669 3776 1715 3872; baseline -0.004 -17"><span class='ocrx_word' id='word_1_247' title='bbox 669 3779 870 3859; x_wconf 86' lang='lat' dir='ltr'>idololatria</span> <span class='ocrx_word' id='word_1_248' title='bbox 894 3779 1087 3855; x_wconf 86' lang='lat' dir='ltr'>universam</span> <span class='ocrx_word' id='word_1_249' title='bbox 1105 3776 1380 3872; x_wconf 67' lang='lat' dir='ltr'>loetlaculorum</span> <span class='ocrx_word' id='word_1_250' title='bbox 1411 3794 1607 3870; x_wconf 79' lang='lat' dir='ltr'>paraturam</span> <span class='ocrx_word' id='word_1_251' title='bbox 1626 3797 1715 3851; x_wconf 91' lang='lat' dir='ltr'>con·</span> 
     </span>
     <span class='ocr_line' id='line_1_34' title="bbox 671 3876 1719 3970; baseline -0.002 -16"><span class='ocrx_word' id='word_1_252' title='bbox 671 3879 757 3954; x_wconf 86' lang='lat' dir='ltr'>stare</span> <span class='ocrx_word' id='word_1_253' title='bbox 775 3878 989 3961; x_wconf 87' lang='lat' dir='ltr'>constiterit,</span> <span class='ocrx_word' id='word_1_254' title='bbox 1017 3877 1211 3953; x_wconf 87' lang='lat' dir='ltr'>indubitare</span> <span class='ocrx_word' id='word_1_255' title='bbox 1238 3876 1503 3970; x_wconf 76' lang='lat' dir='ltr'>praejudicatum</span> <span class='ocrx_word' id='word_1_256' title='bbox 1530 3881 1595 3951; x_wconf 88' lang='lat' dir='ltr'>erit</span> <span class='ocrx_word' id='word_1_257' title='bbox 1612 3877 1719 3952; x_wconf 87' lang='lat' dir='ltr'>etiam</span> 
     </span>
     <span class='ocr_line' id='line_1_35' title="bbox 669 3975 1718 4073; baseline -0.001 -18"><span class='ocrx_word' id='word_1_258' title='bbox 669 3978 714 4055; x_wconf 87' lang='lat' dir='ltr'>ad</span> <span class='ocrx_word' id='word_1_259' title='bbox 747 3977 935 4070; x_wconf 80' lang='lat' dir='ltr'>spetiacula</span> <span class='ocrx_word' id='word_1_260' title='bbox 968 3979 1141 4073; x_wconf 82' lang='lat' dir='ltr'>pertinere</span> <span class='ocrx_word' id='word_1_261' title='bbox 1169 3977 1437 4055; x_wconf 85' lang='lat' dir='ltr'>renuntiationis</span> <span class='ocrx_word' id='word_1_262' title='bbox 1467 3975 1594 4069; x_wconf 79' lang='lat' dir='ltr'>nostrae</span> <span class='ocrx_word' id='word_1_263' title='bbox 1623 3975 1718 4054; x_wconf 82' lang='lat' dir='ltr'>resti·</span> 
     </span>
     <span class='ocr_line' id='line_1_36' title="bbox 672 4073 1742 4172; baseline -0.004 -19"><span class='ocrx_word' id='word_1_264' title='bbox 672 4083 835 4153; x_wconf 85' lang='lat' dir='ltr'>monium</span> <span class='ocrx_word' id='word_1_265' title='bbox 862 4078 898 4149; x_wconf 87' lang='lat' dir='ltr'>in</span> <span class='ocrx_word' id='word_1_266' title='bbox 921 4077 1093 4157; x_wconf 65' lang='lat' dir='ltr'>lavacro,</span> <span class='ocrx_word' id='word_1_267' title='bbox 1125 4098 1203 4170; x_wconf 82' lang='lat' dir='ltr'>quae</span> <span class='ocrx_word' id='word_1_268' title='bbox 1234 4075 1404 4162; x_wconf 89' lang='lat' dir='ltr'>diabolo,</span> <span class='ocrx_word' id='word_1_269' title='bbox 1433 4076 1656 4172; x_wconf 61' lang='lat' dir='ltr'>&amp;pompam</span> <span class='ocrx_word' id='word_1_270' title='bbox 1677 4073 1742 4168; x_wconf 56' lang='grc' dir='ltr'>ἀ,</span> 
     </span>
     <span class='ocr_line' id='line_1_37' title="bbox 672 4172 1307 4272; baseline -0.002 -23"><span class='ocrx_word' id='word_1_271' title='bbox 672 4177 815 4272; x_wconf 79' lang='lat' dir='ltr'>Angelis</span> <span class='ocrx_word' id='word_1_272' title='bbox 839 4177 912 4269; x_wconf 85' lang='lat' dir='ltr'>ojus</span> <span class='ocrx_word' id='word_1_273' title='bbox 934 4173 998 4250; x_wconf 85' lang='lat' dir='ltr'>sint</span> <span class='ocrx_word' id='word_1_274' title='bbox 1013 4176 1207 4272; x_wconf 85' lang='lat' dir='ltr'>mancipata</span> <span class='ocrx_word' id='word_1_275' title='bbox 1234 4228 1257 4259; x_wconf 84' lang='lat'><strong>„</strong></span> <span class='ocrx_word' id='word_1_276' title='bbox 1274 4172 1307 4264; x_wconf 55' lang='lat' dir='ltr'>„ss</span> 
     </span>
    </p>

    <p class='ocr_par' dir='ltr' id='par_1_13' title="bbox 477 4271 1717 4368">
     <span class='ocr_line' id='line_1_38' title="bbox 477 4271 1717 4368; baseline -0.002 -20"><span class='ocrx_word' id='word_1_277' title='bbox 477 4280 638 4349; x_wconf 69' lang='lat' dir='ltr'>Theatrum</span> <span class='ocrx_word' id='word_1_278' title='bbox 723 4290 798 4359; x_wconf 67' lang='lat' dir='ltr'>cap.</span> <span class='ocrx_word' id='word_1_279' title='bbox 830 4296 882 4354; x_wconf 81' lang='lat' dir='ltr'>ro.</span> <span class='ocrx_word' id='word_1_280' title='bbox 904 4332 925 4365; x_wconf 90' lang='lat'>,‚</span> <span class='ocrx_word' id='word_1_281' title='bbox 948 4331 968 4364; x_wconf 84' lang='lat'>„</span> <span class='ocrx_word' id='word_1_282' title='bbox 996 4271 1192 4353; x_wconf 82' lang='lat' dir='ltr'>Theatrum</span> <span class='ocrx_word' id='word_1_283' title='bbox 1211 4275 1352 4368; x_wconf 83' lang='lat' dir='ltr'>proprie</span> <span class='ocrx_word' id='word_1_284' title='bbox 1371 4272 1596 4351; x_wconf 82' lang='lat' dir='ltr'>sacrariorum</span> <span class='ocrx_word' id='word_1_285' title='bbox 1610 4292 1717 4357; x_wconf 62' lang='lat' dir='ltr'>venes</span> 
     </span>
    </p>

    <p class='ocr_par' dir='ltr' id='par_1_14' title="bbox 469 4358 1716 4499">
     <span class='ocr_line' id='line_1_39' title="bbox 469 4358 1716 4499; baseline -0.006 -46"><span class='ocrx_word' id='word_1_286' title='bbox 469 4358 627 4499; x_wconf 35' lang='lat' dir='ltr'>&amp;eff-2¹¹²</span> <span class='ocrx_word' id='word_1_287' title='bbox 673 4379 715 4449; x_wconf 77' lang='lat' dir='ltr'>ris</span> <span class='ocrx_word' id='word_1_288' title='bbox 738 4374 797 4448; x_wconf 85' lang='lat' dir='ltr'>est·</span> <span class='ocrx_word' id='word_1_289' title='bbox 825 4373 905 4449; x_wconf 87' lang='lat' dir='ltr'>Hoc</span> <span class='ocrx_word' id='word_1_290' title='bbox 917 4376 1071 4472; x_wconf 83' lang='lat' dir='ltr'>deniqne</span> <span class='ocrx_word' id='word_1_291' title='bbox 1087 4375 1223 4450; x_wconf 79' lang='lat' dir='ltr'>modo,</span> <span class='ocrx_word' id='word_1_292' title='bbox 1247 4377 1281 4448; x_wconf 92' lang='lat' dir='ltr'>id</span> <span class='ocrx_word' id='word_1_293' title='bbox 1308 4397 1421 4467; x_wconf 73' lang='lat' dir='ltr'>genus</span> <span class='ocrx_word' id='word_1_294' title='bbox 1443 4376 1559 4468; x_wconf 85' lang='lat' dir='ltr'>operis</span> <span class='ocrx_word' id='word_1_295' title='bbox 1573 4375 1606 4445; x_wconf 92' lang='lat' dir='ltr'>in</span> <span class='ocrx_word' id='word_1_296' title='bbox 1621 4370 1716 4446; x_wconf 85' lang='lat' dir='ltr'>secu&#39;-</span> 
     </span>
    </p>

    <p class='ocr_par' dir='ltr' id='par_1_15' title="bbox 539 4455 1718 4646">
     <span class='ocr_line' id='line_1_40' title="bbox 539 4455 1718 4569; baseline -0.005 -17"><span class='ocrx_word' id='word_1_297' title='bbox 539 4455 604 4500; x_wconf 60' lang='grc' dir='ltr'>Η·</span> <span class='ocrx_word' id='word_1_298' title='bbox 671 4472 709 4552; x_wconf 88' lang='lat' dir='ltr'>lo</span> <span class='ocrx_word' id='word_1_299' title='bbox 730 4470 845 4550; x_wconf 85' lang='lat' dir='ltr'>evasit.</span> <span class='ocrx_word' id='word_1_300' title='bbox 873 4472 967 4550; x_wconf 88' lang='lat' dir='ltr'>Nam</span> <span class='ocrx_word' id='word_1_301' title='bbox 981 4472 1069 4569; x_wconf 72' lang='lat' dir='ltr'>sape</span> <span class='ocrx_word' id='word_1_302' title='bbox 1093 4472 1262 4550; x_wconf 84' lang='lat' dir='ltr'>Censores</span> <span class='ocrx_word' id='word_1_303' title='bbox 1285 4475 1477 4557; x_wconf 67' lang='lat' dir='ltr'>narrentis,</span> <span class='ocrx_word' id='word_1_304' title='bbox 1495 4495 1577 4547; x_wconf 87' lang='lat' dir='ltr'>cum</span> <span class='ocrx_word' id='word_1_305' title='bbox 1604 4477 1718 4546; x_wconf 82' lang='lat' dir='ltr'>maxi-</span> 
     </span>
     <span class='ocr_line' id='line_1_41' title="bbox 1613 4594 1671 4646; baseline 0.017 -1"><span class='ocrx_word' id='word_1_306' title='bbox 1613 4594 1671 4646; x_wconf 76' lang='lat' dir='ltr'>ma</span> 
     </span>
    </p>
   </div>
   <div class='ocr_carea' id='block_1_3' title="bbox 0 0 2140 5350">
    <p class='ocr_par' dir='ltr' id='par_1_16' title="bbox 0 0 2140 5350">
     <span class='ocr_line' id='line_1_42' title="bbox 0 0 2140 5350; baseline 0 0"><span class='ocrx_word' id='word_1_307' title='bbox 0 0 2140 5350; x_wconf 95' lang='lat' dir='ltr'> </span> 
     </span>
    </p>
   </div>
  </div>
 </body>
</html>
