4234 5350
559 539 645 660 ido
750 527 1490 668 Theotnog.unrom.1rb.1v·

563 740 643 806 tum
666 727 743 815 est,
767 731 984 806 numeriam
1005 726 1119 825 gloria
1144 724 1330 806 secularia,
1348 724 1384 800 de
1404 736 1492 803 rand
1514 727 1615 823 dupi.

562 830 673 905 ditas.
695 830 755 906 coi
773 826 844 906 Dei
869 823 997 913 timor,
1016 826 1073 904 vel
1094 848 1195 903 amor
1219 824 1467 921 postponitur,
1480 831 1615 924 grande

562 944 752 1024 peccatum
775 928 836 1014 lit,
852 944 892 1005 ut
912 927 1023 1006 docet
1044 933 1077 997 s.
1093 921 1226 1018 August.
1251 925 1312 1001 lib.
1325 943 1357 1014 5·
1383 921 1442 1003 De
1461 926 1614 1005 Ciuitate
1635 939 1637 944 '

561 1028 656 1108 Det,
675 1051 751 1127 cap.
774 1046 831 1122 14
858 1075 916 1121 ‚‚„
948 1025 1041 1105 Tam
1071 1029 1165 1102 eninr
1193 1022 1357 1119 (inquit)
1392 1026 1442 1101 est
1467 1024 1541 1104 hoo
1565 1030 1614 1103 vi·

561 1131 654 1205 tium
677 1130 861 1205 inimicum
882 1130 949 1226 p'iae
975 1127 1085 1213 fidel,
1108 1123 1131 1200 ss
1154 1128 1267 1223 major
1285 1128 1322 1199 in
1346 1124 1458 1200 corde
1481 1126 1521 1202 fit
1549 1149 1614 1204 cu·

560 1228 690 1325 piditas
707 1227 852 1324 glorie.
872 1250 979 1323 qoam
1000 1225 1072 1305 Dei
1094 1228 1230 1306 timor,
1260 1225 1314 1302 vel
1333 1247 1458 1312 amor,
1479 1223 1613 1303 utDu·

560 1327 840 1406 minosdiceret:
857 1325 941 1426 (Jo.
960 1348 991 1421 ς.
1014 1317 1108 1421 44.)
1128 1321 1610 1421 Qomodopoteffismocre‚

557 1426 701 1521 gloriam
727 1424 769 1498 ab
780 1427 921 1501 inuicem
935 1419 1172 1522 exspoliantes,
1190 1428 1489 1518 &gloriamque
1509 1425 1610 1511 asold

559 1529 637 1602 Deo
658 1523 702 1606 eli
723 1576 735 1616 ,-
760 1548 821 1599 non
848 1542 1023 1621 quarentes
1047 1525 1135 1620 ‚‚„l
1167 1522 1344 1619 Quamvis
1366 1540 1486 1602 autem
1511 1526 1609 1625 apud

558 1626 786 1723 insipientes.
808 1627 844 1705 n
872 1627 976 1706 stulte
996 1627 1132 1704 feroces
1152 1626 1260 1702 duelli
1285 1628 1537 1702 detrectatione
1555 1631 1611 1723 ig·

558 1745 671 1804 navos
691 1725 1122 1826 habeatnruirequestrim
1140 1740 1351 1803 nontamen
1370 1728 1464 1819 apud
1478 1725 1612 1824 sapien·

557 1841 634 1915 teo,
656 1828 692 1904 dr
717 1831 872 1925 probos,
893 1829 955 1926 qui
976 1826 1102 1922 rejedia
1126 1823 1232 1902 duelli
1252 1827 1463 1902 conditione
1486 1848 1609 1903 verum

557 1925 660 2005 illum
690 1927 868 2003 honorem
900 1928 1028 2005 lartum
1057 1925 1189 2002 tedium
1216 1948 1358 2002 manere
1387 1924 1607 2022 peripeduna

555 2023 712 2112 habent.
730 2030 793 2121 qui
815 2021 987 2102 servandis
1008 2024 1101 2111 Dei,
1122 2022 1284 2122 Ecclefiae
1300 2073 1312 2109 ‚
1331 2022 1608 2123 Regumquele-

553 2127 659 2225 gibus
668 2123 745 2205 haec
755 2125 881 2203 furiosa
899 2130 1089 2203 certamina
1109 2124 1379 2221 prohibentibus
1389 2130 1607 2203 continetur.

609 2222 667 2302 llla
692 2240 786 2304 certe
817 2228 933 2303 divina
958 2228 1018 2301 lex
1047 2224 1243 2319 prohibet,
1269 2249 1353 2305 cum
1372 2225 1606 2303 deteruntur

554 2324 643 2403 illud
668 2321 912 2404 othoniensi
934 2349 1047 2422 genus
1066 2379 1076 2410 ,
1097 2346 1173 2422 quo
1199 2347 1277 2402 non
1297 2326 1410 2404 l'olunr
1434 2331 1607 2420 proximo

553 2443 682 2502 necem
703 2425 829 2502 inferre
854 2429 999 2502 nititur,
1020 2422 1078 2500 led
1099 2447 1145 2499 ex
1169 2425 1242 2515 ejus
1264 2430 1360 2502 caede
1381 2428 1534 2523 gloriam
1548 2448 1607 2503 ca·

553 2542 632 2621 ptat
655 2527 707 2600 vir
727 2526 913 2623 equestriu;
927 2545 995 2601 nec
1013 2526 1221 2620 proximum
1242 2525 1374 2612 solnm,
1396 2528 1433 2599 do
1455 2521 1606 2623 leipl'urn

552 2624 706 2718 exponit
726 2640 826 2702 certo
844 2624 1002 2722 periculo
1017 2626 1192 2700 moriendi
1209 2625 1246 2700 in
1264 2624 1354 2702 statu
1367 2621 1502 2701 lethalis
1519 2646 1605 2724 pec·

554 2727 645 2807 cati,
670 2721 726 2798 sed
757 2728 793 2800 dr
819 2725 893 2822 ipso
915 2722 1051 2800 lethalis
1074 2727 1211 2820 peccati
1235 2725 1314 2802 adio
1337 2743 1494 2802 mortern
1518 2728 1605 2803 otri·

553 2844 626 2923 que
639 2821 831 2910 inferendi,
846 2846 925 2921 quae
941 2841 1035 2902 certe
1051 2846 1149 2922 mors
1169 2830 1335 2901 omnionr
1353 2823 1494 2922 pelllma
1514 2825 1575 2901 elio

547 2992 550 2997 .
605 2919 753 3003 Duello,
771 2921 840 3000 live
862 2923 1044 3021 ringoloria
1060 2928 1249 3000 certamina
1272 2925 1463 3021 prohibent
1482 2919 1604 3003 Eccle-

553 3020 610 3100 fiae
635 3023 752 3120 leges,
768 3023 896 3100 lcilicet
914 3024 1118 3101 Concilium
1141 3020 1360 3102 Toletanum
1383 3049 1479 3103 anno
1495 3043 1606 3120 1473.

553 3142 704 3201 can-20.
732 3119 944 3201 Coeleliinns
959 3123 1017 3202 lll.
1042 3146 1120 3219 cap.
1140 3136 1247 3210 duro,
1263 3122 1391 3210 Extra,
1405 3134 1458 3197 De
1480 3140 1605 3221 uerga-

551 3228 642 3297 tione
657 3220 816 3317 volgari,
840 3222 953 3319 Julius
971 3221 1014 3300 ll.
1049 3220 1127 3300 Leo
1144 3220 1197 3305 X.
1224 3223 1305 3304 Pius
1326 3224 1388 3302 lV.
1418 3226 1602 3305 Constitu·

554 3325 723 3407 tionem.
746 3347 825 3419 quat
843 3328 989 3419 incipit,
1005 3324 1077 3410 Ea,
1094 3345 1181 3419 qua,
1200 3325 1292 3404 edita
1310 3326 1426 3404 mense
1439 3326 1602 3404 Novem·

552 3424 625 3504 bris
645 3446 741 3501 anno
754 3420 862 3516 1560.
887 3423 1216 3503 ConoTridentin.
1238 3423 1307 3501 leli
1322 3448 1381 3517 25.
1408 3433 1462 3498 De
1480 3426 1601 3515 Ratir-

552 3525 723 3609 matione,
742 3547 818 3618 cap.
839 3548 850 3596 r
858 3548 893 3613 9·
917 3530 1018 3621 coins
1039 3524 1115 3600 haec
1142 3524 1221 3599 lunt
1248 3529 1374 3606 verba:
1404 3572 1459 3620 ,η’
1488 3524 1601 3604 Dete·

553 3622 681 3697 stabilis
704 3622 905 3699 duellorum
930 3626 1032 3703 olus,
1055 3624 1245 3698 libricante
1266 3627 1411 3702 diabolo
1435 3631 1601 3707 rotrodo.

553 3720 650 3805 nus,
669 3736 711 3796 ut
732 3741 875 3797 cruento
894 3746 1090 3820 corporum
1109 3736 1248 3811 morte,
1270 3731 1467 3805 animarum
1490 3734 1598 3806 etiam

551 3820 746 3915 perniciem
767 3820 922 3897 lucretur
946 3877 957 3907 ‚
981 3845 1027 3897 ex
1049 3821 1237 3898 christiano
1257 3829 1344 3903 orbe
1369 3834 1510 3924 penitus
1535 3824 1601 3907 eir·

550 3923 816 3996 terminetun„
848 3922 921 4012 Qui
944 3944 1065 4017 pugna
1095 3925 1362 4013 commiserint,
1392 3932 1429 4004 dr
1447 3933 1509 4024 qui
1532 3951 1598 4006 en·

549 4041 631 4097 rum
658 4022 783 4117 patrini
805 4035 1000 4100 vocantur,
1022 4030 1424 4114 excommunicationis,
1448 4053 1490 4104 ac
1514 4053 1597 4106 om-

550 4123 651 4195 nium
677 4121 858 4194 bonorum
881 4119 1024 4211 luorum
1049 4121 1336 4218 prostitutionis,
1356 4151 1398 4204 ac
1417 4149 1598 4225 perpetua

547 4217 701 4294 inlamiae
725 4242 869 4315 poenam
892 4219 1101 4307 incurrant,
1129 4223 1165 4296 do
1187 4243 1226 4300 ut
1249 4227 1469 4313 homicida,
1490 4231 1594 4320 juxta

546 4317 664 4393 locros
688 4318 875 4406 Canones,
890 4323 1007 4417 puniri
1031 4320 1204 4418 debeant3
1224 4327 1261 4403 dr
1298 4326 1323 4403 li
1347 4326 1481 4423 inipso
1504 4350 1595 4404 cun·

546 4414 642 4492 liiiio
664 4416 897 4505 decellerint.
922 4437 1096 4517 perpetuo
1130 4440 1271 4504 careant
1300 4425 1522 4504 ecclefiastica
1544 4437 1596 4506 le·

545 4516 699 4614 poltura.
730 4517 788 4599 llll
816 4525 944 4610 etiarn.
974 4528 1038 4623 qui
1066 4523 1254 4605 confilium
1277 4528 1316 4607 in
1344 4526 1444 4610 caula
1464 4527 1592 4619 duelli.
