4234 5350
641 527 735 618 ’πί
828 507 1118 624 Theaunog.
1145 508 1190 601 δι
1215 507 1369 612 morat
1391 509 1487 606 Lib.-
1500 509 1575 607 lv.

638 683 758 768 ,miliar
780 681 1031 770 commodum·
1056 679 1133 779 lpse
1158 684 1264 760 etiam
1288 683 1414 762 mulier
1430 638 1704 781 sumptum-uri

654 801 853 900 uarumque
866 780 967 859 suum
980 786 1138 899 minuat,
1153 800 1331 897 quantum
1350 782 1488 904 servato
1503 785 1634 861 decore
1643 784 1704 862 lie-

650 880 1703 1068 tretistrisitt¹tlttlttltttt·&stilla

506 1132 512 1145 ·
651 1079 769 1158 secuta
791 1079 1022 1177 compensare
1046 1104 1123 1157 uon
1144 1077 1250 1180 poffit
1279 1133 1291 1168 ,
1317 1081 1379 1156 uili
1402 1082 1544 1177 detegar
1566 1086 1704 1161 crimen

651 1178 755 1260 luam
772 1184 922 1267 marito,
935 1197 997 1259 aut
1010 1178 1087 1257 liliis
1105 1180 1272 1278 legitimis
1294 1199 1385 1265 ‚aut
1410 1184 1514 1258 etiam
1536 1180 1598 1276 ipit
1621 1183 1699 1279 ipu-

650 1285 710 1358 rio
725 1337 737 1368 ‚
754 1282 841 1360 illud
870 1280 951 1357 dete
978 1304 1037 1357 ere
1065 1302 1142 1358 nou
1170 1292 1329 1366 tenetur,
1350 1295 1459 1378 atque
1479 1282 1516 1357 iu
1548 1281 1613 1357 illis
1633 1286 1703 1369 cir·

651 1381 870 1460 cumliautiie
893 1379 930 1457 su
971 1383 1048 1464 cit,
1074 1394 1114 1458 ut
1136 1382 1383 1474 poeuitentiam
1405 1396 1488 1476 agat
1508 1434 1526 1464 .,
1543 1404 1610 1457 uec
1635 1380 1701 1476 ipli

651 1480 840 1559 Absolutio
857 1479 1109 1558 satmmeutalit
1127 1479 1288 1575 neganda
1311 1480 1373 1558 all·
1407 1477 1445 1556 Si
1472 1481 1566 1556 euim
1599 1503 1699 1557 reve.

651 1567 741 1658 lare't
763 1584 897 1658 crimen
920 1579 1020 1657 suum
1042 1582 1198 1668 marito,
1220 1581 1321 1658 vite,
1347 1594 1409 1657 aut
1430 1594 1526 1656 certe
1544 1577 1695 1657 iufamia

651 1679 853 1856 Bericulum
889 1678 1028 1757 subiret·
1053 1677 1177 1757 Nemo
1197 1694 1317 1757 autem
1357 1695 1496 1756 tenetur
1516 1679 1696 1758 restituere

626 1870 629 1877 ¹
681 1803 751 1856 uua
767 1780 940 1857 inferioris
960 1780 1112 1867 ordinis,
1128 1779 1354 1874 comiadum
1369 1778 1697 1856 bonorumordiuis

627 1970 629 1974 ¹
651 1881 797 1957 altioris.
825 1876 920 1958 Cum
933 1882 1053 1976 itaque
1068 1881 1187 1949 Melius
1204 1875 1248 1955 fit·
1259 1901 1370 1949 nomen
1385 1874 1502 1948 bonam
1514 1920 1526 1966 ,
1538 1902 1633 1968 quam
1646 1881 1696 1948 ali.

643 1980 747 2050 ‚uittae
763 1976 869 2050 naue
892 1980 913 2065 (,
924 1994 964 2056 ut
979 1978 1109 2058 dicitur
1124 1976 1281 2050 Proverb.
1303 1979 1363 2051 22·
1384 1974 1533 2066 >nemo
1556 1992 1697 2056 tenetur

626 2099 736 2164 ,uum
760 2077 861 2157 lamae
881 2078 947 2155 luae
967 2078 1190 2157 detrimento
1205 2076 1434 2177 compensare
1454 2075 1625 2155 damnum
1647 2078 1696 2154 al·

626 2243 634 2272 ,
649 2182 719 2256 teti
742 2181 779 2255 iu
799 2200 837 2256 re
856 2176 1035 2265 familiari,
1049 2177 1105 2255 seu
1129 2177 1282 2256 fortunae
1299 2179 1407 2254 bonis
1423 2177 1571 2258 illatum.
1598 2175 1696 2273 Hine

542 2299 545 2306 ·
649 2279 756 2355 etiam
774 2275 921 2355 adulteri
940 2278 1052 2354 caedes
1067 2332 1078 2363 .
1092 2279 1129 2353 de
1147 2278 1358 2354 immortalia
1371 2279 1461 2354 intet
1473 2277 1616 2355 familiar
1629 2275 1694 2353 dil·

647 2374 732 2453 fidia
747 2374 846 2455 lacile
857 2375 951 2475 sequi
963 2376 1121 2475 pollente
1139 2376 1231 2454 Filiis
1267 2382 1371 2454 etiam
1395 2376 1558 2473 legitimis
1585 2376 1695 2454 scetus

628 2474 750 2554 ¹suum
764 2478 915 2575 prodere
928 2500 1003 2552 non
1033 2489 1195 2559 tenetur,
1213 2475 1268 2552 vel
1290 2481 1398 2551 morti
1411 2480 1614 2575 proxima,
1639 2467 1695 2553 rel

640 2578 697 2652 eis
717 2574 834 2652 dicere
850 2574 913 2653 sub
936 2574 1094 2659 secreto,
1111 2595 1224 2679 uuum
1245 2593 1293 2652 ex
1312 2573 1404 2669 'iplis
1427 2572 1495 2658 elie¹
1510 2575 1692 2673 spurium,

645 2676 686 2763 ἃ
703 2669 865 2762 efficere,
884 2690 924 2753 ut
941 2672 1163 2752 eonsentiuut
1176 2673 1301 2771 [iuguli
1314 2728 1325 2760 ,
1336 2698 1382 2750 oe
1394 2675 1494 2752 illum
1507 2677 1692 2763 nominet,

647 2770 751 2852 illum
778 2796 825 2851 ue
841 2778 1367 2869 resipiantincommumonem
1381 2771 1693 2867 hereditarium

645 2875 730 3050 poia
796 2897 863 2951 mae
887 2872 955 2951 suae
974 2896 1083 2970 grave
1111 2872 1397 2959 detrimentum,
1421 2872 1476 2950 uel
1498 2877 1692 2961 moritura,

662 2973 762 3051 ubire
786 2995 864 3050 nou
890 2988 1051 3066 teucrum
1065 2996 1150 3051 cum
1167 2975 1249 3052 uita
1275 2973 1424 3050 honoris
1442 2974 1521 3069 poll
1538 2990 1694 3063 mortem

644 3071 755 3170 ipsam
778 3073 945 3168 superstet
969 3071 1127 3165 fit3tum
1150 3072 1328 3171 quiahoc
1353 3074 1467 3150 modo
1488 3096 1566 3148 nuo
1590 3072 1693 3148 relar-

646 3176 780 3251 eiretut
800 3168 1010 3251 sufficienter
1024 3174 1195 3251 damnum
1216 3196 1262 3249 ex
1280 3171 1455 3250 adulterio
1475 3172 1633 3251 illatums
1651 3169 1694 3248 fi-

645 3274 794 3369 quidem
823 3271 963 3368 pallum
987 3272 1076 3352 illud
1095 3277 1187 3350 inter
1210 3272 1331 3351 fratres
1355 3274 1484 3350 initum
1517 3272 1562 3347 de
1587 3272 1692 3348 reliu·
1759 3277 1764 3286 “

644 3373 789 3469 quenda
808 3375 870 3449 uui
896 3373 1014 3467 lpurio
1036 3377 1205 3469 portione
1229 3371 1428 3450 hereditatis
1449 3427 1459 3457 .
1490 3370 1691 3467 legitimum

644 3489 722 3549 uon
739 3467 842 3554 ellat,
857 3488 986 3569 utpote
1009 3470 1194 3550 neaeffaria
1216 3472 1396 3557 libertate,
1426 3494 1506 3571 quae
1531 3475 1603 3548 uim
1618 3460 1690 3558 p&

643 3585 783 3647 metum
802 3571 992 3648 excludere
1015 3573 1123 3653 debet
1149 3597 1168 3649 a
1194 3571 1430 3649 couttadibus
1452 3616 1462 3647 s
1488 3572 1526 3647 dr
1557 3574 1688 3669 podis.

643 3665 863 3746 destitutum.
892 3669 932 3746 ln
947 3673 1001 3746 illa
1019 3690 1138 3749 autem
1156 3669 1343 3770 hypothesi
1366 3673 1484 3747 iratres
1498 3674 1690 3760 uonlpun·

643 3779 682 3844 te
708 3770 874 3845 cederent
891 3773 959 3861 iuri
985 3771 1070 3857 luo,
1095 3771 1162 3847 led¹
1180 3786 1279 3847 metu
1299 3768 1413 3847 solum
1442 3771 1689 3858 maternaede-

641 3865 843 3945 curationis
878 3867 992 3945 cordi
1015 3896 1027 3962 ;
1050 3892 1119 3947 uec
1147 3868 1236 3947 filius
1267 3869 1445 3966 legitimas
1472 3869 1585 3959 ullum
1605 3872 1690 3951 inde

641 3969 882 4044 commodum
905 3988 1127 4063 reportaret,
1141 3970 1197 4045 led
1221 3970 1341 4046 adhuc
1362 3971 1532 4050 damnum
1553 3987 1689 4067 pateres

532 4096 537 4104 ·
636 4080 723 4159 tur3
736 4089 803 4142 uec
822 4068 877 4162 jus
902 4067 1005 4144 suum
1021 4069 1267 4151 abdicaret‚.st
1283 4084 1384 4146 certo
1405 4072 1506 4149 sciret
1521 4073 1576 4158 ‚le
1601 4070 1689 4168 legi·

639 4165 773 4243 timum
795 4163 889 4266 elle,
903 4168 1012 4244 aliam
1037 4190 1124 4245 reto
1154 4169 1296 4247 fratrem
1322 4192 1367 4245 ex
1397 4170 1571 4257 adulterio
1599 4192 1688 4247 cou-

638 4282 802 4357 septum.
830 4264 998 4363 Denique
1017 4290 1093 4343 nou
1117 4282 1257 4346 tenetur
1286 4268 1396 4346 scelus
1415 4270 1516 4348 suum
1533 4270 1686 4363 prodere

638 4358 761 4461 spurio
784 4365 869 4448 ‚uifi
889 4363 1078 4444 certaeffet
1099 4366 1200 4446 illum
1213 4367 1320 4445 fidem
1341 4369 1402 4446 libi
1414 4370 1681 4456 adhibiturum,

636 4479 751 4565 eaque
770 4460 1163 4565 hereditate-sellarum
1177 4470 1428 4568 ,paulumque
1443 4466 1512 4548 libi
1533 4470 1687 4664 &logniae
