4234 5350
507 555 592 662 ria
648 544 807 676 uren
831 546 949 661 oon·
975 540 1184 641 onorat.
1212 543 1307 664 nn
1323 546 1399 644 ιν.

503 724 635 803 dicitur
671 718 866 838 secundum
890 716 928 796 li.
954 714 1183 838 Beinardum·
1198 719 1399 799 scandalum
1422 721 1569 825 pauno

505 846 589 1004 ili
605 811 1402 1017 illusis‘inlisisinlisis’li
1420 844 1569 1003 iiiiii

507 1024 586 1104 lum
603 1025 698 1099 cavit
713 1018 895 1099 Dominus
912 1062 923 1098 ,
942 1019 1071 1106 Marri,
1094 1036 1149 1114 17.
1171 1023 1233 1098 ubi
1257 1021 1344 1098 dicit
1371 1021 1499 1101 Petro:
1516 1028 1566 1099 Ut

506 1133 620 1198 entim
647 1145 709 1193 non
726 1119 990 1209 scandalizemus
1015 1141 1090 1200 eus,
1107 1124 1179 1193 &n
1212 1124 1393 1199 &cavere
1414 1125 1566 1218 docuit';

507 1226 640 1301 Mania
660 1234 715 1309 18.
757 1215 865 1299 Unde
890 1233 1039 1318 propter
1066 1220 1135 1299 tale
1161 1220 1361 1300 scandalum
1392 1222 1564 1319 pallivum

508 1324 654 1406 confilia
676 1324 755 1400 sunt
782 1318 827 1399 ad
851 1334 996 1417 tempus
1023 1322 1318 1409 intermittenda.
1343 1323 1400 1399 vel
1421 1326 1566 1403 occulte

508 1423 671 1526 agenda,
698 1445 775 1498 non
805 1436 925 1498 autem
948 1425 1102 1499 omnino
1130 1423 1365 1512 dimittenda;
1393 1428 1474 1523 quia
1497 1430 1566 1502 ho.

483 1549 486 1559 ·
509 1525 576 1606 ino
599 1524 678 1622 plus
700 1521 785 1607 libi.
806 1542 914 1618 quam
942 1524 1113 1617 proximo
1128 1524 1164 1597 in
1189 1521 1421 1616 spiritualibus
1445 1529 1567 1619 prori-

471 1623 480 1633 '
509 1628 597 1704 dere
619 1624 727 1700 debet
743 1646 754 1716 3
769 1621 805 1698 u
819 1621 1080 1719 ignorantiam
1104 1622 1166 1700 diu
1186 1623 1311 1712 duret.
1335 1626 1374 1700 in
1396 1626 1565 1705 malinam

508 1737 574 1827 per
598 1724 874 1801 obstinationem
901 1739 1147 1801 commutatur
1176 1779 1198 1816 „
1214 1754 1248 1814 ‚,.·

561 1826 608 1897 Er
634 1844 671 1898 a·
688 1840 723 1894 2.
746 1846 775 1916 q.
792 1837 856 1914 43.
882 1823 999 1917 arn7,
1029 1878 1051 1915 ,‚
1071 1879 1094 1915 ,‚
1132 1822 1172 1898 ln
1198 1821 1428 1918 spiritualilius
1459 1826 1565 1903 b'onit

509 1925 650 2020 (inquit
665 1922 684 2018 )
697 1945 776 2020 quae
798 1945 875 1998 non
889 1922 969 2000 sunt
992 1921 1036 1999 de
1054 1921 1252 2000 neeellrtate
1266 1924 1402 2011 salutis,
1424 1927 1564 2004 videtur

509 2022 822 2124 distinguendum
838 2025 918 2121 quia
940 2021 1164 2110 scandalum,
1183 2023 1285 2122 quod
1298 2046 1344 2100 ex
1358 2030 1405 2100 e'is
1423 2030 1561 2113 oritur,

509 2123 1565 2320 indissimilissliiidlnfflilli‘lli

510 2326 638 2407 teudo
658 2321 723 2402 -Et
747 2320 820 2399 lioc
849 2321 900 2400 est
930 2322 1130 2401 scandalum
1155 2321 1408 2400 Pharilaeorum
1431 2376 1442 2406 ‚
1463 2325 1565 2423 quod

507 2423 580 2506 elle
615 2420 925 2504 contemnendum
955 2420 1136 2499 Dominus
1163 2424 1283 2500 docet.
1332 2422 1567 2520 Quandoque

508 2547 601 2606 vero
625 2523 826 2603 scandalum
849 2523 1014 2619 procedit
1031 2538 1077 2598 ex
1096 2525 1317 2617 ignorantia,
1338 2522 1391 2598 rel
1416 2525 1566 2600 infirmi.

508 2640 609 2709 tates
632 2620 893 2717 &huiusmodi
922 2621 976 2699 est
998 2621 1199 2699 scandalum
1221 2619 1453 2719 punitorum.
1479 2641 1564 2719 ptos

508 2740 591 2826 pter
614 2726 715 2822 quod
731 2722 812 2800 lunt
832 2722 1016 2821 spiritualia
1038 2726 1154 2800 bona,
1171 2722 1229 2799 vei
1250 2720 1485 2808 occultanda.
1508 2711 1565 2800 vel

509 2828 618 2902 etiam
641 2822 821 2900 interdum
849 2818 1067 2911 differenda,
1091 2826 1151 2900 ubi
1175 2824 1373 2920 periculum
1401 2847 1475 2899 non
1498 2828 1564 2899 im·

508 2928 627 3002 minet
641 2920 853 3099 ‚ffluousque
870 2921 1007 3001 reddita
1026 2926 1183 3001 ratione,
1200 2921 1404 3018 hujusmodi
1425 2923 1566 3000 scandou

507 3024 585 3104 lum
612 3047 654 3101 ce
683 3039 729 3099 et·
754 3022 791 3100 Si
811 3039 932 3101 autem
953 3024 1033 3122 post
1053 3026 1226 3102 redditam
1249 3024 1422 3099 rationem
1445 3023 1569 3119 hujus·

509 3123 613 3203 modi
632 3120 833 3201 scandalum
854 3122 986 3211 duret,-
1013 3126 1083 3217 jam·
1108 3126 1246 3201 videtur
1273 3144 1320 3198 ex
1338 3117 1465 3199 malitia
1487 3122 1568 3199 esser

506 3220 556 3304 lit
578 3224 625 3302 fic
650 3240 798 3323 propter
816 3223 930 3317 ipsum
951 3238 1030 3301 uon
1057 3223 1138 3303 suni
1159 3220 1365 3320 hujusmodi
1382 3222 1568 3320 spiritualia

509 3348 621 3423 opera
641 3322 851 3400 dimittenda
872 3379 895 3417 ,‚
910 3352 947 3417 „a
980 3334 988 3353 ·
1628 3342 1631 3347 ·

473 3434 476 3439 ’
559 3423 767 3501 Secundum
798 3422 892 3522 hepo
916 3421 1122 3519 Regulam,
1153 3422 1238 3509 lilii.
1266 3424 1328 3524 qui
1353 3420 1566 3520 spiritualem

506 3525 648 3602 ruinam
680 3525 883 3622 parentibus
906 3526 1093 3605 imminere
1117 3523 1269 3611 vident,
1295 3522 1320 3599 sr
1352 3525 1480 3601 statum
1506 3548 1568 3604 eoas

508 3621 736 3700 ulefiasticum
769 3623 1049 3721 amplediantur,
1082 3642 1144 3701 aut
1166 3624 1419 3721 monasterium
1444 3629 1567 3722 ingre..

506 3721 649 3801 diuntur
665 3747 677 3816 ς
695 3747 824 3823 nempe
842 3723 867 3800 sn
882 3726 966 3801 inde
987 3725 1105 3823 gravis
1125 3727 1258 3801 oriatur
1280 3725 1317 3799 in
1338 3723 1467 3800 familia
1485 3749 1567 3819 pera

504 3826 694 3910 turbatio,
728 3824 753 3901 fi
782 3826 1010 3917 iuramenta,
1039 3826 1336 3920 imprecationes,
1359 3825 1567 3915 maledicio,

505 3922 651 4003 differre
664 3925 796 4001 debent
813 3928 856 3999 ad
870 3937 1013 4018 tempus
1034 3925 1082 4017 pii
1098 3922 1269 4021 propositi
1287 3930 1563 4016 executionem

484 4021 627 4101 'donec
662 4036 849 4122 parentum
878 4023 1086 4100 consensum
1121 4025 1344 4107 rationibus,
1375 4027 1564 4120 precihus.

505 4123 723 4209 constantia,
738 4127 881 4220 piorum
897 4121 1088 4200 hominum
1109 4122 1279 4203 consilio,
1293 4129 1493 4201 amicorum
1509 4129 1565 4200 in.

503 4221 734 4303 tercelirone,
762 4224 799 4301 de
819 4227 975 4299 maxime
995 4221 1253 4301 ferventissimis
1274 4228 1318 4300 ad
1336 4220 1458 4303 Deum
1480 4223 1564 4301 solie

504 4326 760 4409 orationibus,
799 4325 861 4420 qui
888 4323 995 4400 habet
1020 4323 1308 4409 inclinandorum
1338 4346 1563 4421 quocunque

485 4516 487 4521 ,
504 4424 660 4501 voluerit
673 4423 914 4502 humanorum
926 4422 1091 4502 cordium
1103 4418 1479 4521 omnipotentissi'manr
1493 4448 1564 4522 po.

503 4526 686 4612 telletum,
712 4526 944 4604 obtinuerim.-
969 4522 1086 4622 Quod
1113 4524 1299 4605 limium
1328 4521 1486 4704 ipl‘ogm
1511 4526 1562 4605 sa.

748 4641 772 4653 Ν
1158 4664 1166 4679 ·
1439 4647 1496 4715 fe,
