4234 5350
639 498 742 650 “ent
826 525 981 626 meent
1004 507 1121 644 θος.
1149 521 1362 636 nnoru.
1382 524 1474 618 uu.
1493 523 1566 622 lv.

656 697 911 790 inconcussum
935 723 1048 798 poteo
1066 695 1288 799 principiani
1302 699 1377 784 est.
1397 697 1499 797 quod
1520 754 1541 790 „
1559 754 1581 791 „
1606 694 1707 778 Con·

658 801 774 884 sensus
798 805 833 876 in
859 801 1127 887 deledatiouem
1174 803 1285 880 cecati
1303 802 1486 886 mortalis,
1507 800 1556 875 est
1582 822 1705 896 pecca·

656 899 921 988 tunimottele.
944 901 979 978 de
1004 923 1080 984 non
1106 822 1220 984 solent
1237 897 1422 983 consensus
1447 902 1481 979 in
1500 900 1630 983 aetum
1661 898 1709 981 Et

658 1002 760 1086 ideo·
775 1023 858 1075 cum
882 998 1030 1087 oscula,
1059 1001 1094 1075 de
1122 1002 1307 1095 amplexus
1326 997 1528 1097 hujusmodi
1557 1015 1705 1096 neoptee

659 1099 929 1186 delectationem
946 1098 1148 1193 hujusmodi
1171 1097 1274 1184 fiant,
1288 1097 1506 1196 consequens
1519 1098 1588 1186 est,
1602 1099 1704 1198 quod

658 1199 728 1276 snt
750 1218 892 1295 peccate
914 1199 1105 1290 ntorealiu;
1130 1201 1165 1276 se
1192 1197 1239 1283 sto
1261 1197 1375 1281 solunt
1402 1203 1567 1279 dicuntur
1591 1199 1705 1280 sinidi.

658 1300 753 1383 nosn.
794 1297 898 1382 Unde
921 1297 1117 1382 secundum
1140 1301 1241 1395 quod
1266 1297 1447 1376 libidinosa
1476 1297 1589 1377 sunt.
1624 1298 1706 1385 sunt

657 1413 802 1508 pen-catu
814 1399 984 1486 monteilio,
1005 1403 1048 1467 stt
1064 1422 1100 1470 ue
1120 1393 1314 1490 responsione
1323 1402 1365 1468 ad
1368 1394 1539 1486 secundent
1552 1396 1704 1490 objectio.

658 1521 730 1572 nm
748 1529 760 1578 2·
781 1499 902 1576 'oscula
923 1498 1091 1596 (iuquit)
1113 1499 1151 1576 de
1173 1496 1301 1584 indue,
1326 1500 1488 1595 quamvis
1510 1497 1706 1582 secundum

657 1595 693 1678 se
710 1623 785 1679 non
808 1600 1002 1694 impediant
1022 1600 1160 1681 bonum
1177 1599 1287 1693 proiit
1302 1597 1482 1684 humanm,
1500 1600 1705 1692 procedunt

657 1711 779 1780 temen
801 1721 846 1781 ex
868 1697 1037 1782 libidine,
1056 1720 1136 1793 quae
1163 1696 1213 1773 eli
1235 1697 1336 1782 cadite
1367 1695 1569 1793 hujusmodi
1591 1699 1725 1797 imon.

656 1797 885 1882 dimenti,&
914 1821 961 1873 ex
989 1798 1062 1873 hnc
1084 1797 1216 1878 habene
1240 1800 1413 1873 rationem
1450 1800 1587 1892 peccati
1608 1820 1707 1881 mot·

539 1937 542 1942 .
658 1890 736 1977 talis
753 1951 776 1986 „
794 1940 829 1986 „,
857 1893 988 1975 Oscula
1008 1895 1189 1981 libidinosa
1210 1900 1244 1985 S,
1266 1893 1406 1967 Thomas
1421 1897 1604 1993 intelligit,
1625 1920 1705 1994 quae

656 1997 701 2074 nd
721 1996 1022 2082 fornicationem,
1046 2014 1108 2078 aut
1134 1997 1243 2074 alium
1277 1995 1393 2073 esium
1411 2019 1599 2082 venereum
1620 2019 1705 2093 pro.

656 2098 756 2183 nilne
778 2094 994 2193 disponunt.
1016 2096 1138 2174 velex
1161 2096 1251 2172 illiue
1273 2099 1472 2180 intentione
1502 2095 1617 2182 siunt,
1644 2112 1707 2178 eut

656 2211 754 2275 certe
775 2245 787 2278 ,
811 2217 891 2294 quae
909 2195 1179 2276 delectationem
1199 2203 1356 2273 excitant
1377 2195 1423 2271 de
1440 2193 1705 2278 fornicatione,

657 2311 721 2376 eut
744 2293 806 2376 olio
830 2294 942 2396 specie
975 2294 1124 2381 lenutio
1154 2298 1366 2391 cogitationi
1399 2286 1640 2385 occurredte,
1668 2300 1705 2375 in

657 2418 768 2492 quam
790 2399 926 2470 enimus
947 2392 1120 2481 afficitur,
1141 2395 1177 2471 dc
1203 2397 1428 2492 propendet3
1457 2396 1508 2470 vel
1523 2419 1602 2494 quae
1620 2420 1705 2483 cum

658 2495 775 2589 eliqua
792 2493 944 2573 lebeduut
967 2499 1219 2578 commotione
1247 2495 1375 2579 volite,
1393 2492 1447 2570 vel
1471 2494 1631 2587 praevisa,
1646 2496 1704 2581 seu

657 2616 739 2691 nuae
755 2593 935 2691 previdens
961 2597 1104 2699 potuit,
1125 2615 1165 2668 ec
1181 2592 1330 2680 debuit,
1356 2591 1426 2668 sne
1443 2593 1493 2677 ob
1505 2595 1705 2672 delectatio·
1738 2611 1745 2624 ·

656 2718 742 2777 nem
755 2697 955 2776 carnalem,
976 2695 1013 2770 n
1037 2693 1227 2771 sensibilem
1248 2716 1296 2770 ex
1312 2691 1392 2791 ipsis
1417 2689 1544 2769 osculis
1565 2712 1705 2778 ortem,

655 2800 763 2877 etium
785 2795 916 2872 secluso
943 2794 1102 2889 periculo
1117 2791 1304 2877 consensus
1325 2792 1522 2879 ulterioris,
1537 2794 1572 2870 de
1586 2793 1703 2892 pollu.

658 2899 788 2973 nonis,
812 2895 976 2977 libantur·
1003 2892 1097 2971 Nam
1116 2891 1235 2993 oscula
1249 2915 1295 2976 ex
1321 2895 1534 2972 urbanitate·
1553 2916 1600 2970 ex
1616 2915 1707 2975 con·

657 2992 841 3077 suetudine
862 2997 980 3090 patrie
998 3043 1009 3075 ,
1030 3017 1077 3075 ex
1103 2992 1246 3075 honeste
1268 2996 1440 3081 amicitie,
1463 3015 1539 3074 oon
1562 2995 1644 3077 sunt
1666 2995 1709 3072 li.

656 3095 841 3181 bidinosn,
867 3096 1031 3186 adeoque
1056 3117 1124 3174 nec
1148 3109 1291 3188 peccate
1312 3092 1484 3170 mortalia,

711 3191 816 3282 Hanc
838 3195 995 3290 tegulam
1010 3194 1125 3273 tutius
1146 3192 1336 3281 confirmet
1347 3200 1377 3271 s.
1389 3194 1552 3279 Thomas.
1568 3217 1629 3296 qu·
1646 3211 1704 3297 15.

660 3294 718 3372 De
746 3296 921 3383 Veritate,
939 3310 1005 3377 nrt·
1028 3312 1064 3396 4.
1093 3350 1116 3384 „
1134 3350 1156 3386 „
1188 3293 1430 3392 Simpliciter(
1447 3295 1582 3387 inquit)
1615 3316 1707 3373 cott-

619 3478 622 3484 ,
660 3396 846 3483 cedimus,
871 3391 1079 3478 consensum
1093 3396 1129 3472 in
1143 3394 1410 3474 delessetionem
1432 3393 1704 3483 fornicationis,

660 3495 718 3574 vel
736 3498 875 3579 ulterius
890 3494 1064 3587 mortalit,
1083 3511 1270 3593 peccatum
1291 3489 1529 3576 essemortele,
1558 3492 1611 3570 lix
1628 3491 1713 3593 quo¹

659 3592 838 3693 sequitur,
858 3596 957 3713 quod
972 3592 1150 3697 quidquid
1166 3594 1282 3679 homo
1306 3595 1380 3688 agit
1406 3592 1632 3675 exconsensu
1653 3610 1707 3679 te,

660 3691 703 3775 lis
723 3696 983 3782 delectationis,
1002 3695 1046 3772 ad
1071 3693 1176 3780 hoc,
1206 3707 1245 3775 ut
1274 3690 1477 3788 hujusmodi
1504 3693 1706 3772 detentatio-

659 3812 745 3877 nem
762 3798 918 3877 nutriet.
946 3794 1000 3877 vel
1023 3807 1163 3877 tenent,
1186 3789 1363 3867 sentiunt
1379 3805 1499 3886 turpes
1516 3794 1632 3883 oclus,
1648 3796 1705 3872 vel

660 3889 844 3975 libidinosa
862 3894 977 3976 oscula
1000 3948 1010 3979 .
1037 3891 1092 3969 vel
1108 3890 1239 3997 aliquid
1266 3889 1495 3988 huiusmodi.
1514 3909 1634 3978 totum
1655 3896 1705 3975 est

659 3996 813 4073 mortale
836 4007 1022 4088 peccatum
1040 4046 1060 4081 „
1075 4037 1111 4080 „2

713 4093 886 4191 Angelico
915 4089 1069 4168 Dosloti
1098 4087 1278 4176 subscribit
1301 4096 1332 4168 S,
1363 4096 1574 4178 Antoninus,
1603 4091 1644 4171 Ρ.
1669 4116 1704 4167 2.

662 4191 717 4275 tit.
742 4216 772 4283 ς.
797 4219 832 4279 c,
861 4210 890 4263 1.
920 4248 941 4283 .„
959 4248 980 4283 ‚,
1001 4189 1129 4269 Sextus
1156 4192 1286 4287 gradus
1302 4191 1449 4273 luxurio
1468 4191 1627 4291 (inquit)
1652 4194 1702 4275 est

661 4290 844 4371 libidinosa
864 4293 1119 4377 contrectatio,
1143 4316 1222 4391 quae
1251 4293 1380 4370 scilicet
1401 4296 1440 4371 lit
1462 4317 1525 4397 pet
1556 4290 1700 4381 oscula,

661 4395 863 4491 amplexos,
881 4394 1063 4471 comasius
1094 4416 1287 4479 manuum,
1313 4397 1367 4469 vel
1387 4395 1530 4471 clintum
1550 4397 1701 4488 partium

661 4498 838 4607 corporis,
875 4494 980 4577 Hanc
1010 4493 1207 4599 Apostolus
1232 4499 1397 4580 nominet
1417 4491 1702 4676 mpitugelllm'
