4234 5350
582 517 675 628 200
739 511 898 615 '1th
917 515 1033 634 Dug.
1055 517 1099 610 u
1121 510 1276 615 mont
1302 509 1397 614 lu.
1411 511 1488 608 lili

584 685 672 766 doe
689 707 766 764 uun
793 683 948 788 puffintt
970 711 1048 768 nun
1070 688 1154 768 iicet
1174 688 1239 768 tibi
1263 685 1485 766 existimare.
1504 681 1562 764 vel
1583 681 1637 765 l'u·

583 782 1050 888 spicarielieiurem51icet
1072 805 1284 870 tumentem
1307 802 1407 866 tuam
1429 784 1637 885 diligentior

583 883 786 997 custudire,
810 889 848 966 δι
873 911 999 968 cavere
1018 893 1063 968 ab
1088 889 1152 971 iilo
1175 887 1322 987 perinde
1345 942 1356 975 .
1377 909 1420 964 ec
1444 885 1469 963 ii
1497 885 1637 982 judicu·

503 1007 508 1017 ’
580 1005 637 1064 ree
661 983 730 1065 elle
749 986 888 1077 iurem,
909 987 1067 1088 ideoque
1085 1013 1162 1072 uon
1186 988 1373 1066 admittere
1387 985 1487 1066 illurn
1516 985 1636 1064 indu·

578 1105 702 1166 mum»
718 1085 916 1170 nun-stnere
925 1144 937 1182 ‚
948 1106 991 1170 ut
1007 1094 1247 1189 irrepatmon
1263 1086 1405 1165 credere
1424 1086 1472 1191 illi
1495 1085 1636 1164 lernau·

577 1184 664 1264 clam
685 1190 1000 1284 pecuniam,ostia
1031 1191 1157 1286 majori
1182 1186 1405 1269 solicitudine
1432 1185 1633 1273 observare.

577 1283 617 1364 Si
641 1290 721 1383 quie
754 1291 972 1387 conjugatur
1000 1291 1119 1376 videat
1145 1291 1313 1385 juvenem
1339 1310 1423 1366 cum
1457 1284 1527 1368 iilia
1553 1285 1634 1376 sur.

577 1383 638 1466 ael
665 1409 781 1471 uxore
797 1391 960 1490 colloqui
981 1405 1161 1476 amanter,
1185 1388 1299 1467 iulum
1325 1410 1410 1466 cum
1431 1386 1524 1472 iola.
1539 1382 1637 1481 judi·

577 1507 682 1574 care.
705 1486 761 1565 vel
791 1488 950 1586 suspicari
976 1513 1054 1570 uun
1086 1488 1203 1589 potest
1233 1487 1453 1587 petulantem
1478 1482 1566 1573 eise,
1590 1507 1636 1564 ac

579 1584 829 1683 impudicum3
843 1588 901 1667 sed
925 1607 1045 1670 umen
1068 1613 1194 1678 cavere
1217 1588 1355 1687 potest.
1371 1589 1409 1666 ἃ
1437 1584 1631 1685 periculosa

582 1686 768 1788 colloquia
784 1690 987 1787 prohibete.
1012 1689 1071 1770 Sic
1084 1689 1217 1769 santius
1240 1685 1315 1792 Job
1332 1690 1494 1786 quamuis
1511 1669 1637 1768 deluit

580 1783 664 1966 fllia
677 1787 765 1866 nihil
784 1789 867 1868 mali
879 1792 1072 1890 judicaret,
1090 1789 1146 1870 vel
1159 1786 1408 1890 suspicaretur,
1428 1808 1497 1877 pru
1515 1783 1637 1885 liuga.

600 1888 767 1966 numen
784 1887 958 1974 offerebat
984 1889 1148 1972 sacrificia
1170 1891 1313 1966 dicenm
1333 1889 1395 1958 Ne
1410 1883 1505 1977 forte
1522 1904 1638 1983 pecu.

582 1988 701 2062 nerine
722 1981 890 2076 titillari.
925 1989 1013 2072 Hoc
1035 1987 1285 2090 iuppuiitiunie
1313 2010 1447 2088 genero
1470 2002 1634 2083 parentet

583 2085 1018 2289 infletur-„lali
1041 2089 1635 2290 attltlamtlnnu

584 2273 801 2400 admonere,
825 2251 1039 2390 increpare’r
1059 2288 1416 2377 verifimilitudinem,
1433 2287 1536 2395 quud
1560 2311 1636 2367 ma·

582 2386 660 2468 lum
683 2390 830 2490 aliquod
857 2396 1166 2490 perpetraverint,
1193 2392 1378 2486 objicere,
1399 2387 1564 2487 quadam
1585 2391 1636 2466 eia

609 2484 795 2575 rolaibcre,
815 2493 870 2568 vel
894 2494 1017 2588 jubere
1035 2542 1046 2576 .
1067 2493 1107 2570 du
1129 2491 1230 2568 variis
1254 2488 1373 2570 mudit
1394 2490 1548 2567 remedia
1571 2485 1637 2564 ad·

609 2587 727 2675 'berea
742 2611 827 2669 cum
852 2590 988 2673 malum
1008 2590 1157 2697 aliquod
1179 2591 1349 2683 timetur;
1372 2588 1409 2667 id
1433 2590 1528 2665 enim
1547 2609 1637 2684 pru-

576 2687 728 2773 denua,
749 2693 946 2775 cautionis,
963 2695 1003 2772 dr
1026 2692 1230 2795 vigilantiae·
1262 2689 1333 2770 Sed
1356 2704 1472 2775 tamen
1494 2691 1635 2770 redum

574 2786 623 2869 de
643 2785 709 2867 illia
729 2789 924 2884 judicium.
946 2796 1155 2894 bonamque
1171 2795 1382 2889 opinionem
1401 2803 1521 2867 mente
1548 2793 1634 2866 reti-

572 2909 659 2965 nere
684 2888 840 2980 debent.
856 2894 1027 2994 quamdiu
1047 2894 1199 2981 indicia,
1220 2892 1292 2971 live
1314 2908 1523 2988 argumenta
1553 2911 1633 2967 non

569 2985 654 3107 sunt
675 2990 720 3067 ad
734 2990 992 3111 suspicionem.
1016 2995 1072 3073 vel
1093 2993 1353 3071 dubitationem
1372 2992 1550 3089 cogentia.
1583 2987 1631 3069 Ea

570 3103 679 3307 iii?
693 3091 1632 3295 „tillidilil‘tlnlllnl‘tiildini?

570 3288 667 3370 deam
693 3308 909 3390 provocent.

703 3772 760 3844 De
775 3766 900 3843 duobus
923 3766 1094 3871 postremis
1120 3767 1282 3865 Deealugi
1310 3764 1495 3864 preceptis,

662 3928 724 3983 um
757 3904 994 4004 superioribus
1024 3901 1202 4000 Decalogi
1233 3904 1420 3999 preceptis
1452 3918 1521 3973 noa
1548 3895 1632 3990 qui·

678 4004 822 4083 busdam
844 4003 941 4103 quau
964 4003 1124 4104 praelrdiis
1139 4000 1238 4081 Deus
1268 4005 1427 4100 optimus
1452 3998 1632 4077 maximus

572 4103 776 4186 muniviffet
799 4153 810 4187 ,
831 4129 875 4179 ne
897 4108 977 4202 quis
1004 4126 1072 4180 noc
1096 4104 1216 4202 ipius,
1248 4120 1308 4179 aut
1338 4100 1453 4179 nostra
1481 4097 1633 4173 violaret

569 4209 722 4305 (inquit
747 4202 901 4284 Concilii
929 4201 1134 4286 Tridentini
1161 4196 1434 4294 Cateclrilmus)
1461 4200 1534 4275 huc
1565 4195 1634 4273 du-

572 4305 657 4404 plici
677 4306 847 4403 adJ'unilu
860 4321 1042 4406 praeceptu
1056 4306 1091 4380 id
1106 4309 1260 4382 maxime
1281 4305 1467 4400 providere
1490 4299 1629 4377 noluit,

571 4429 619 4484 ne
641 4411 919 4505 appetitionibus
944 4407 1073 4484 nolitis
1099 4430 1166 4484 nos
1192 4404 1254 4503 iplr
1283 4394 1630 4494 iaderemutsquud

526 4518 529 4525 ·
569 4508 670 4586 facile
693 4508 852 4588 futurum
874 4505 1002 4595 inimi
1029 4511 1151 4586 omnia
1181 4528 1338 4607 cupere,
1362 4516 1622 4678 atquelirbrprarc
