4234 5350
586 461 657 608 De
675 509 851 632 septimo
867 514 1073 634 Decologi
1085 535 1304 639 precepto·
1392 493 1479 626 3‘65]

469 686 578 771 Ettir.
599 692 654 760 De
665 685 795 778 suros,
814 690 958 783 §.pm
979 690 1082 770 Circa
1099 693 1205 772 bonae
1217 694 1296 784 fidei
1307 688 1477 789 poffeffoi

417 805 495 870 teni
507 845 518 879 ,
529 793 626 876 dico,
641 790 740 886 quod
754 797 885 887 poterit
896 808 1053 887 repetere
1064 796 1216 888 pretium
1231 818 1251 871 a
1264 791 1472 880 venditores

417 913 457 964 nr
483 892 648 984 collegitur
681 911 724 958 rx
749 899 876 959 Canonr
900 888 1126 978 Vulteranae,
1147 895 1240 980 eausa
1269 891 1323 965 1'2'.
1355 915 1409 989 qu.
1434 881 1472 971 2¹.

418 990 640 1088 ltenlpotell
654 993 804 1094 retinere
823 991 1012 1086 expensas,
1031 1014 1118 1090 ques
1131 989 1282 1074 'existens
1304 997 1409 1071 bonssae
1429 993 1472 1070 ll·
1549 997 1553 1004 '

418 1095 477 1169 dei
499 1095 634 1168 ratione
659 1093 844 1167 l'ecit'circu
863 1115 937 1167 rern
958 1096 1259 1181 conletvendern.
1275 1092 1472 1172 velmello·

418 1191 564 1270 rendam
576 1216 588 1284 3
602 1191 638 1266 δι
652 1212 726 1266 non
742 1206 882 1268 tenetur
910 1192 955 1267 de
968 1193 1137 1271 lrullibus
1153 1197 1328 1294 perceptis
1339 1191 1468 1272 durem

417 1310 455 1370 te
475 1296 569 1368 bone
591 1291 661 1366 lide
681 1347 704 1382 ‚,
721 1333 757 1382 ,·‚.
777 1294 795 1387 (
807 1288 889 1367 Exn
910 1291 955 1367 de
977 1291 1199 1372 restitutione
1216 1299 1465 1390 inintegruln.
1598 1311 1621 1392 f

418 1414 498 1491 cap.
527 1389 732 1489 Requilivlt.
765 1390 845 1466 llxt.
877 1390 923 1466 de
952 1392 1056 1469 rebus
1076 1389 1237 1476 Ecclefiae
1257 1393 1468 1477 alienandis.

419 1499 476 1570 sel
491 1515 587 1578 uon,
607 1515 685 1587 cop·
700 1491 754 1567 lld
769 1492 995 1584 nollramsff·
1019 1496 1073 1568 tit·
1095 1492 1159 1574 De
1177 1494 1395 1596 acquirendo
1412 1515 1467 1570 re·

417 1615 498 1674 ruur
515 1595 703 1669 domimo,
720 1587 761 1667 lsi
774 1590 881 1668 Bonae
893 1590 974 1667 lidei
985 1611 1138 1692 emptor.
1150 1595 1169 1679 l
1182 1641 1237 1688 ,Μ
1261 1594 1352 1671 ltem
1365 1590 1389 1684 li
1400 1591 1468 1672 du*
1486 1599 1494 1614 '

419 1698 628 1780 renteboua
648 1693 719 1767 lide
742 1689 845 1789 ipllus
865 1696 956 1792 perit
977 1714 1058 1777 res,
1088 1716 1165 1770 nou
1189 1706 1340 1771 tenetur.
1365 1691 1468 1776 loen
1496 1689 1498 1696 ’

418 1795 530 1870 credo
552 1845 563 1878 ,
589 1790 615 1866 li
644 1793 806 1868 alienavit
844 1794 993 1868 durante
1015 1791 1168 1869 fimiliter
1195 1798 1290 1872 bona
1315 1793 1396 1869 fide·
1422 1789 1469 1870 lu

416 1911 575 1988 utroque
585 1892 664 1967 calu
679 1908 824 1988 propter
836 1892 971 1967 nonam
998 1890 1178 1987 lidem3-iu
1199 1903 1318 1990 primo
1341 1896 1468 1990 suern.
1510 1929 1514 1937 ·

416 1998 597 2093 quianon
621 2011 694 2068 erat
715 1994 752 2066 in
766 1997 937 2084 mora3in
964 1992 1144 2080 secundo,
1164 1997 1245 2089 quio
1267 2015 1343 2070 non
1368 1991 1470 2069 denir

415 2096 506 2169 uolo
527 2089 697 2187 poilldere
716 2144 728 2176 ,
750 2094 787 2166 ἃ
811 2094 894 2187 quie
920 2095 1074 2188 pretiuin
1095 2116 1142 2170 ex
1157 2117 1195 2166 re
1218 2090 1347 2171 furora
1369 2091 1471 2169 redo·

418 2193 516 2269 &um
537 2214 612 2266 non
636 2192 685 2266 etl
702 2189 894 2275 furorum.
912 2210 949 2262 ur
965 2193 1090 2262 dicitur
1107 2215 1139 2268 1.
1152 2191 1229 2287 Qui
1241 2217 1319 2280 ves,
1341 2188 1472 2270 ritsDe'

417 2292 543 2377 furtis,
567 2297 601 2381 ὃ·
612 2289 709 2390 Cum
717 2293 793 2376 tur,
809 2297 843 2360 in
857 2294 939 2386 Dig.
950 2290 990 2368 ln
1000 2290 1137 2372 summe
1147 2318 1235 2393 ergo
1244 2310 1353 2379 uotn,
1366 2289 1471 2390 quod

418 2393 520 2468 melre
539 2388 618 2466 fiori
646 2387 835 2487 pollellor,
855 2414 892 2467 re
912 2392 1070 2487 perdita,
1095 2392 1151 2469 vel
1170 2397 1206 2472 in
1227 2394 1334 2472 ellum
1356 2405 1469 2498 trent·-
1495 2398 1499 2406 '

416 2492 508 2578 leta.
524 2508 663 2569 tenetur
674 2494 718 2566 ed
739 2514 856 2569 rerum
886 2495 1062 2588 pretium.
1087 2515 1171 2572 curn
1197 2491 1468 2572 circumstantiis

415 2592 627 2692 supradietis·
653 2589 763 2670 Bonae
776 2591 855 2668 fidei
870 2603 955 2670 iero
975 2579 1144 2692 polleffor
1156 2609 1294 2672 tenetur
1307 2591 1465 2675 restitue:

415 2718 455 2770 re
465 2718 563 2779 rem,
577 2693 600 2767 ll
613 2693 740 2774 habers
754 2692 803 2768 lln
817 2710 935 2771 autem
947 2732 960 2776 ‚-
971 2697 1017 2770 de
1027 2693 1131 2772 lucro
1147 2711 1286 2773 tenetur
1299 2709 1462 2773 tantumn

415 2796 453 2871 in
484 2812 659 2891 quantum
691 2793 907 2888 locupletior
937 2792 1046 2895 loeus
1068 2795 1117 2871 est
1137 2843 1215 2888 Μ,
1235 2791 1347 2870 ffillo
1367 2795 1460 2889 peti·¹

415 2898 514 2972 tione
539 2897 770 2980 hereditatis,
785 2890 827 2970 L.
846 2896 882 2964 Si
898 2889 1062 2987 polleffor,
1085 2893 1316 2985 §riterliruere
1330 2932 1346 2981 ,·
1363 2897 1398 2970 tlt
1415 2889 1458 2971 l„
1481 2896 1483 2901 ’

416 2998 453 3064 oi
474 3017 560 3080 rem,
574 2996 609 3068 &
624 2992 667 3069 L·
684 2995 814 3066 Utrum.

467 3090 621 3173 Libellus
660 3092 849 3192 synodicus
883 3088 1045 3170 Ecclelrae
1077 3091 1332 3175 Nemaucenfis
1363 3097 1463 3168 antio

419 3206 526 3286 1284.
539 3195 652 3269 editus
676 3198 766 3268 hanc
779 3192 992 3289 regulamde
1006 3195 1105 3295 mnlae
1123 3190 1205 3272 lidei
1218 3192 1462 3287 emptoribus,

416 3299 454 3372 &
470 3292 716 3391 poll'ell'oribus
729 3293 929 3378 confirmet,
945 3295 998 3369 tit.
1015 3293 1073 3370 De
1084 3292 1311 3371 Paenitentia:
1329 3347 1376 3383 ,‚„
1391 3290 1466 3367 Te·-

418 3412 550 3472 nentur
582 3394 752 3469 etiamad
779 3394 1036 3469 restitutionem
1060 3399 1077 3485 (
1090 3397 1229 3488 inquit)
1243 3416 1369 3468 orrrrres
1394 3392 1466 3474 illl,

416 3499 480 3594 qul
501 3496 646 3571 scienter
667 3517 742 3569 rem
763 3511 920 3588 reptem,
948 3494 1001 3568 vel
1024 3493 1171 3569 alienans
1194 3507 1359 3570 emerunt
1381 3513 1467 3569 cum

417 3594 508 3673 mala
539 3594 630 3680 lide,
645 3593 772 3670 seilicet
791 3594 913 3668 animo
940 3591 1001 3669 libi
1031 3595 1203 3670 retinendi
1220 3616 1300 3669 earn
1315 3595 1471 3669 domiuo
1624 3651 1626 3656 .

415 3694 506 3786 suo;
526 3718 593 3771 nec
617 3693 732 3768 taliter
753 3709 911 3768 ementes
926 3689 1072 3790 poliunt
1091 3716 1297 3791 recuperare
1314 3747 1324 3779 .
1339 3696 1395 3769 leu
1413 3716 1470 3768 re·

414 3814 536 3894 petere
560 3798 712 3890 pretium
728 3847 738 3880 ,
752 3792 853 3890 quod
868 3793 1043 3870 dederunt
1055 3797 1201 3892 proipl'e
1213 3838 1228 3879 ,·
1239 3816 1306 3870 nec
1323 3790 1469 3890 poffunl

418 3916 645 3991 recuperare,
674 3893 731 3969 l'eu
760 3897 907 3969 retinere
929 3894 1124 3988 expensas,
1155 3894 1283 3991 liquos
1304 3893 1467 3970 fecerunt

415 3997 525 4093 iplem
544 4017 622 4069 tens
640 3992 896 4078 eustodiendo.
915 3995 969 4091 vel
988 3994 1230 4079 meliorando,
1247 3998 1284 4069 ἃ
1297 3994 1466 4086 hoc-pro·

415 4112 497 4194 pter
517 4095 645 4170 malum
665 4093 1317 4188 fiue1n‚quamhabueruntemendo.
1347 4092 1466 4169 Debet
1492 4140 1495 4151 ·

417 4199 525 4273 etiam
541 4196 671 4270 rell-itui
696 4217 749 4268 tes
764 4196 896 4279 aliena,
912 4190 981 4270 live
1006 4209 1124 4288 repta,
1140 4218 1216 4271 non
1231 4196 1468 4288 deteriorem

414 4294 474 4372 sed
504 4293 531 4372 ii
558 4296 768 4370 deteriorata
785 4294 922 4379 luerit,
948 4292 1003 4367 vel
1021 4293 1099 4369 calu
1132 4292 1281 4369 fortuito
1302 4295 1466 4391 perierit,

417 4398 474 4478 vel
511 4396 644 4475 restitui
664 4418 740 4472 nun
762 4386 894 4492 polilt.-
909 4392 1108 4471 restituetur
1124 4392 1471 4493 integre,quantum'

1361 4515 1421 4576 VR·
