4234 5350
479 543 482 550 ’
608 564 667 650 ᾗ
815 562 1133 664 promtiore:
1394 573 1501 697 Ι689

446 729 526 820 itu
541 730 674 814 ditium
686 732 737 812 eil
754 738 952 833 peccatoria
979 733 1087 810 Terre
1100 757 1154 823 er,
1167 734 1215 808 d·
1231 732 1269 822 ip
1282 719 1408 808 imm
1421 733 1501 808 ibis.
1517 719 1594 792 ⁶⁶·
1612 727 1644 801 3²3

449 834 566 915 Datus
579 836 628 913 eli
639 857 728 932 ergo
742 836 909 914 iueibum
924 836 1071 915 diabolo
1085 849 1263 933 peccator.
1292 834 1379 913 Non
1396 834 1502 915 imur

450 951 563 1024 terra,
581 939 605 1012 ii
622 936 789 1015 uolumus
813 936 1049 1016 manducaria
1065 936 1233 1033 serpente.
1265 932 1366 1014 Sicut
1381 940 1500 1027 enim.

450 1035 554 1136 quod
573 1036 849 1122 manducamus,
865 1037 901 1112 in
914 1037 1078 1115 nostrum
1089 1060 1221 1134 corpus
1233 1040 1503 1114 convertimur.

452 1154 494 1215 ut
515 1138 616 1214 cibus
633 1134 704 1233 ipse
724 1135 917 1214 secundum
931 1159 1064 1232 corpus
1089 1137 1162 1214 hoc
1190 1131 1380 1222 efficiatur,
1400 1134 1505 1230 quod
1550 1236 1555 1246 Χ
1708 1173 1710 1178 ·

451 1259 524 1313 noe
546 1236 683 1318 lumuet
705 1233 751 1312 lac
772 1227 870 1313 m'alia
894 1238 1054 1314 mutihus
1072 1259 1134 1330 per
1157 1238 1375 1333 nequitiam.
1394 1236 1431 1311 δι
1450 1235 1507 1313 iu·

450 1339 635 1438 perbiam,
652 1336 923 1431 &impietatem
947 1337 1019 1414 hoc
1044 1333 1195 1415 efficitur
1213 1333 1384 1434 quisque,
1402 1333 1505 1429 quod

453 1436 638 1519 diabolus}
656 1435 692 1512 id
711 1437 787 1523 est,
817 1435 934 1512 limilia
961 1438 1056 1533 ejus,
1069 1440 1106 1513 &
1136 1434 1315 1527 subjicitur
1337 1437 1368 1510 ei
1385 1487 1396 1520 ,
1415 1434 1506 1518 sicut

449 1534 821 1632 lubjedumeltnobie
835 1537 1150 1630 COIDUSUOstl'umt
1181 1533 1386 1614 Ethocest‚
1402 1531 1505 1631 quod

454 1636 607 1718 dicitur,
623 1635 826 1713 manducari
848 1657 867 1711 ι
886 1635 1054 1731 serpente·
1080 1634 1249 1734 Quisquis
1262 1640 1381 1732 itaque
1403 1637 1508 1709 timet

456 1736 559 1812 illum
575 1737 718 1831 ignem,
735 1735 796 1830 qui
810 1749 948 1832 paratus
963 1735 1012 1809 est
1025 1735 1190 1814 diabolo,
1205 1736 1243 1811 dr
1257 1733 1396 1831 Angelis
1410 1734 1506 1829 ejus,

457 1834 519 1910 det
544 1855 690 1931 operam
714 1832 931 1930 triumphare
964 1836 1010 1910 de
1029 1832 1093 1911 illo
1125 1837 1162 1910 in
1192 1831 1390 1931 semetipso·
1438 1830 1509 1911 an
1598 1893 1601 1899 .

458 1935 574 2018 enim,
588 1936 650 2030 qui
670 1932 755 2009 loris
774 1955 842 2010 nos
861 1945 1096 2036 oppugnant,
1108 1934 1203 2012 intus
1217 1936 1413 2011 vincimur,
1431 1936 1511 2018 riu·

460 2031 578 2108 ceildo
589 2030 986 2132 concupiscentias,per
997 2056 1083 2128 quat
1094 2033 1197 2109 nubis
1207 2032 1437 2110 dominantur
1446 2086 1509 2125 „„.

461 2129 580 2210 Verba
607 2129 687 2210 sunt
707 2128 808 2214 laedi
827 2129 1027 2227 Augustani,
1052 2131 1117 2210 lib.
1139 2135 1197 2203 De
1226 2143 1338 2227 agone
1361 2130 1515 2211 elrrr'lli'u.¹
1552 2225 1554 2229 y

432 2262 435 2268 ’
454 2256 524 2320 ma,
548 2253 626 2327 cap.
642 2252 679 2305 2.
699 2226 740 2311 iu
755 2245 796 2309 ut
815 2228 916 2309 Pater
931 2232 1083 2310 eoelellis
1094 2235 1207 2331 gratia
1227 2231 1286 2311 lua
1303 2232 1406 2311 nobis
1424 2253 1513 2328 pru·

461 2332 529 2412 stet
542 2380 554 2417 ‚
567 2331 767 2431 suppliciter
790 2331 1010 2431 postulamur
1028 2331 1084 2408 his
1100 2333 1236 2414 aerbir:
1256 2334 1320 2403 Ne
1340 2354 1397 2404 nor
1414 2334 1514 2402 indu.
1551 2415 1555 2424 ι
1630 2349 1634 2358 ·
1660 2383 1662 2390 .

458 2455 516 2511 em
538 2434 574 2502 ia
596 2434 822 2515 tentationem.
844 2429 1000 2510 Petimus
1014 2431 1185 2510 auxilium
1207 2484 1220 2518 .
1239 2453 1316 2531 quo
1335 2430 1513 2509 uenalem
1641 2510 1646 2520 ,

460 2532 669 2617 libidinem,
686 2534 722 2608 de
737 2531 948 2630 cupiditates
959 2554 1087 2609 ornnes
1103 2531 1307 2610 domemur.
1334 2530 1515 2610 Petimus·

423 2719 425 2724 ,
457 2656 510 2715 ne
526 2631 596 2712 ulla
621 2654 689 2711 uos
707 2646 867 2711 creatura
893 2630 952 2711 sua
970 2631 1087 2711 lucam
1113 2631 1314 2718 venustate.
1329 2654 1372 2710 ac
1393 2631 1515 2709 dulue-

464 2734 550 2810 dine
561 2732 606 2809 ad
626 2745 813 2829 peecatum
834 2747 1031 2828 provocet,
1043 2732 1182 2830 atque'a
1198 2728 1327 2811 Christi
1345 2732 1516 2818 charitate

456 2831 609 2926 ‚separet
636 2829 790 2929 Petimus
811 2854 880 2918 ,ne
902 2834 1028 2908 mundi
1054 2831 1206 2914 malitia,
1233 2831 1516 2926 persecutiones.

459 2931 686 3017 ,mlumniae,
712 2932 918 3007 vexationes
937 2931 982 3006 ad
1008 2933 1285 3027 impatientiam,
1307 2930 1519 3014 viridium,

467 3031 603 3129 aliaque
615 3033 698 3108 vitia
711 3051 777 3105 nos
790 3028 993 3128 impellant,
1011 3027 1069 3107 sed
1090 3046 1131 3106 ut
1143 3030 1342 3106 constantes
1363 3028 1406 3106 ad
1421 3051 1521 3109 mot·

462 3150 545 3211 tem
564 3127 695 3227 usque,
718 3126 845 3207 fidem.
868 3127 987 3225 spem,
1013 3129 1050 3206 δι
1079 3125 1305 3207 dilectionem
1332 3131 1369 3209 in
1394 3126 1519 3207 Deum
1557 3162 1560 3169 ·
1659 3154 1665 3168 ·

465 3228 609 3311 firmam
634 3250 828 3320 teneamur·
854 3227 1031 3321 Petimus,
1058 3243 1102 3306 ut
1121 3250 1209 3307 cum
1230 3227 1329 3306 Deus
1352 3250 1420 3305 ιιοι
1448 3249 1518 3322 pro

458 3332 624 3429 peccatis
649 3328 775 3407 nostris
798 3331 835 3404 in
861 3327 935 3406 lroc
963 3328 1103 3404 mundo
1130 3328 1230 3423 vpriir
1257 3325 1399 3423 llagellie
1419 3327 1521 3406 calli·

466 3446 554 3528 gat,
577 3429 683 3525 hujus
707 3431 936 3509 tentationis,
952 3451 995 3503 ac
1015 3430 1236 3527 probationis
1255 3426 1393 3504 felicem
1420 3427 1524 3507 iaciat

464 3532 639 3614 exitum,
663 3540 703 3606 ut
723 3528 783 3605 hic
807 3531 853 3605 ita
874 3525 1128 3614 emendemur,
1143 3549 1189 3603 ue
1208 3548 1294 3604 cum
1321 3527 1394 3603 hoc
1418 3551 1526 3604 mun·

466 3631 524 3715 ‚do
540 3630 763 3711 damnemur.
792 3625 945 3706 Petimus
962 3626 1141 3723 denique,
1159 3650 1205 3703 ne
1224 3651 1291 3703 ιιοι
1300 3625 1429 3704 diaboli
1447 3643 1527 3704 ten-

461 3730 564 3811 tatio
589 3732 751 3812 obruat,
772 3725 1013 3826 cujuscunque
1034 3730 1173 3823 generis
1192 3726 1247 3802 illa
1268 3725 1319 3807 lit.
1343 3726 1527 3823 Rogamus
1578 3734 1583 3739 ’

474 3845 683 3907 autemnon
703 3830 892 3923 pronubis
911 3826 1011 3914 solis,
1031 3827 1086 3902 led
1105 3849 1173 3923 pro
1189 3824 1391 3904 Christianis
1407 3829 1529 3904 omui·

463 3930 566 4013 ‚bum
586 3944 627 4007 ut
648 3927 775 4013 Deus,
800 3928 900 4023 cujus
923 3925 1097 4003 beneficio
1128 3950 1229 4004 arcus
1260 3925 1406 4004 fortium
1428 3925 1529 4022 lupe·
1601 3992 1604 3999 .

477 4045 572 4109 tatur
594 4026 670 4107 est.
690 4027 728 4103 dt
748 4025 876 4103 infirmi
893 4025 1039 4103 accindi
1052 4024 1132 4103 suut
1145 4028 1298 4116 robore;
1311 4026 1440 4104 doceat
1452 4048 1529 4101 ma·
1564 4052 1566 4058 '
1591 4065 1597 4077 ·

475 4150 544 4222 pue
564 4127 700 4204 nostrat
726 4126 771 4204 ad
795 4125 975 4221 prelum,
996 4130 1057 4202 det
1078 4128 1182 4211 nobis
1204 4126 1464 4222 protedimrem
1480 4127 1532 4201 la.

477 4225 580 4313 lutis,
600 4227 637 4307 ar
658 4226 721 4304 lub
738 4230 862 4304 umbra
878 4225 1011 4303 alarum
1036 4224 1175 4304 suarum
1196 4249 1263 4302 ιιοι
1289 4241 1454 4325 protegat
1466 4222 1530 4300 ad·
1596 4229 1598 4234 ’
1624 4262 1628 4269 -
1676 4234 1680 4241 ’

479 4327 597 4407 verim
616 4325 734 4403 hoster
753 4328 948 4403 animarum
969 4324 1240 4409 nostrarum,ut
1256 4340 1354 4422 parta
1372 4327 1531 4423 aliqum.
1640 4326 1642 4339 '

478 4427 530 4505 do
545 4448 591 4505 ex
611 4426 769 4504 mundo,
783 4448 907 4512 came.
921 4426 1139 4524 diaboloque
1154 4426 1318 4510 ristona,
1330 4422 1431 4501 fimul
1444 4447 1530 4522 uga-

475 4549 560 4615 ptua
592 4525 812 4631 immortales
833 4527 871 4605 iu
906 4524 1159 4704 iggrpiternum
1191 4528 1265 4602 uer
1284 4527 1443 4624 gratias,
1468 4527 1528 4619 que·
1548 4534 1577 4584 1.
1607 4517 1736 4595 cruri·

837 4679 839 4682 >
990 4640 1064 4701 xz
1427 4629 1482 4696 de.
