4234 5350
579 521 652 634 De
679 526 796 624 sexto
824 527 1030 652 Decalogi
1049 539 1273 672 precepto}
1371 554 1466 646 επ

404 702 633 806 provincialis
661 702 938 794 Mediolaneolis
955 727 987 792 3·
1015 708 1118 788 editis
1137 756 1150 796 ,
1172 705 1332 790 officium
1355 702 1459 786 Con·

402 807 599 892 'cionatoris
628 827 674 882 ex
702 808 836 897 litans,
865 809 941 887 haec
971 807 1099 888 habet:
1126 864 1150 903 „
1166 865 1188 901 „
1228 807 1458 889 Publicorunt

406 921 639 1020 peccatorum
661 829 839 992 illecebras
851 958 862 994 ‚
873 933 959 1028 quas
976 908 1141 988 homines
1159 909 1356 1006 depravata
1369 928 1461 984 con·

407 1004 598 1090 suetudinis
619 1028 739 1084 errore
756 1010 899 1108 decepti
922 1007 1116 1109 pronihilo
1137 1022 1284 1106 putant,
1298 1006 1460 1087 Conclu-

409 1121 514 1192 nator
526 1123 700 1203 perpetuo
711 1110 1082 1206 reprehendat,atque
1091 1111 1126 1184 iu
1138 1108 1319 1187 summurn
1332 1107 1461 1187 odium

409 1209 586 1288 adducere
617 1210 855 1296 contendet,
891 1210 1126 1310 ostendatque
1169 1231 1276 1307 quam
1307 1207 1462 1307 graviter

408 1304 532 1388 Deum
548 1303 761 1391 offendant,
776 1332 885 1404 quarn
907 1310 1018 1392 molta
1037 1309 1149 1396 mala.
1167 1326 1275 1406 atque
1291 1309 1382 1388 adeo
1395 1327 1465 1402 pu·

407 1406 508 1482 blicae
529 1413 637 1486 etiam
660 1410 899 1488 calamitates,
925 1409 1132 1507 infinitaque
1154 1405 1465 1488 detrinentainde

407 1508 571 1588 exilium.
596 1505 800 1601 spectacula
814 1564 825 1596 ,
841 1508 944 1597 ludos
959 1564 970 1596 ,
985 1509 1204 1610 ludicrasque
1229 1531 1282 1586 res
1299 1505 1334 1584 id
1353 1525 1464 1602 gene·

406 1611 475 1688 tis,
493 1627 573 1699 quae
596 1609 640 1681 ab
666 1605 902 1688 lithnicorum
925 1612 1086 1687 moribus
1108 1611 1286 1705 originem
1300 1606 1460 1692 ducunt,

405 1704 669 1804 disciplinaque
699 1707 892 1794 christiana
926 1708 1176 1795 adversantur,
1200 1721 1376 1810 perpetuo
1399 1701 1464 1778 de·

406 1809 621 1891 testabitur,
651 1812 873 1894 execrabitur
893 1825 905 1899 3
928 1808 1181 1886 demonstrabit
1205 1804 1464 1891 incommodae

406 1906 634 2002 publicasque
658 1929 831 1986 aerumnas
856 1909 939 1986 inde
970 1913 1006 1985 io
1030 1907 1257 1988 christianum
1282 1904 1461 2007 populun

405 2005 596 2098 dimanare·
622 2004 663 2082 ln
692 2006 1020 2103 quamsententiam
1046 2006 1149 2084 valde
1168 2008 1346 2104 populum
1371 2023 1462 2080 coo·
1612 2016 1615 2025 ·

401 2103 559 2192 firmabit
586 2114 805 2202 argumentis
825 2157 833 2186 2
852 2131 932 2208 quat
950 2105 1139 2207 gravissimi
1159 2111 1249 2188 viri,
1274 2103 1462 2182 Tertullia-

407 2227 494 2288 nus.
515 2201 715 2303 Cyprianus
726 2207 887 2309 Martyr.
913 2208 1113 2292 Salvianus,
1132 2207 1168 2284 dt
1186 2205 1462 2306 chrysostomos

411 2301 576 2391 afferunt.
615 2303 656 2390 ln
685 2331 803 2401 eoque
824 2313 1024 2405 argumenti
1051 2329 1184 2404 genere
1205 2307 1343 2384 nullutn
1367 2299 1463 2378 aliud

408 2408 583 2490 omittet,
635 2429 684 2482 uo
718 2424 814 2486 tanta
857 2404 1058 2504 corruptela
1106 2406 1271 2489 radicitus
1307 2404 1461 2500 extirpe-

408 2514 468 2588 tur
503 2556 526 2594 „
544 2557 575 2595 „.
608 2428 794 2601 dracipoa
824 2524 942 2585 autent
966 2520 1176 2603 argumenta
1197 2505 1273 2585 haec
1293 2500 1400 2580 sunt.
1432 2521 1462 2576 t·
1476 2481 1658 2630 {mma

409 2603 525 2701 Quod
543 2604 729 2685 Christiani
744 2609 908 2695 diabolo,
924 2608 960 2692 δι
977 2609 1120 2704 pompis
1138 2606 1214 2696 ejus
1228 2610 1263 2681 in
1285 2599 1462 2699 Baptismo
1495 2579 1641 2705 ἱξέςω,

409 2704 680 2800 abrenuntient3
695 2709 886 2807 l'peslacula
905 2729 1010 2794 veto,
1032 2711 1067 2782 ἃ
1082 2706 1286 2787 Comoediae
1299 2703 1343 2780 ad
1357 2724 1460 2801 pom·
1476 2656 1583 2779 dianes
1603 2726 1621 2769 ι
1686 2747 1688 2751 -

410 2827 472 2902 pas
489 2805 621 2887 diaboli
644 2814 854 2901 pertineant.
884 2825 919 2887 2.
946 2806 1061 2903 Quod
1085 2806 1275 2904 spectacula
1294 2823 1459 2884 commo·
1474 2782 1649 2927 ff‘dffllu‘

409 2921 490 3013 teat
515 2927 642 3000 pravos
656 2906 825 2995 affectus,
846 2910 882 2993 ὃς
905 2911 1134 3003 cupiditates,
1152 2909 1188 2983 in
1211 2908 1339 3006 quibus
1359 2924 1449 2991 com,
1476 2876 1624 3012 ᾱξξζῆξξθ

412 3004 618 3105 percensis,
643 3010 678 3081 &
706 3009 913 3084 coercendis
937 3024 1018 3083 toto
1040 3008 1121 3081 vitae
1138 3004 1284 3082 decursu
1302 3005 1461 3081 laborare

412 3106 553 3181 summo
574 3104 720 3189 lludio,
753 3107 958 3201 sensuraque
986 3106 1162 3199 vigilantia
1191 3104 1376 3186 Christiani
1399 3101 1460 3174 de·

412 3207 511 3285 bent.
542 3222 575 3297 3·
604 3209 717 3298 Quod
744 3209 934 3283 clirillianae
959 3210 1098 3300 pietatis
1119 3203 1252 3281 sensum
1271 3210 1307 3278 in
1330 3199 1460 3297 speus-

412 3317 534 3389 torum
562 3306 684 3383 anintis
709 3305 829 3382 sensim
853 3311 1063 3403 extinguant
1082 3358 1092 3391 ,
1113 3307 1356 3404 virtutumque
1381 3321 1460 3380 net.

412 3426 477 3482 vos
498 3399 696 3481 dillolvant·
717 3428 744 3498 4
782 3405 897 3499 Quod
912 3407 955 3479 ad
974 3405 1143 3498 profanos
1156 3426 1316 3487 amores,
1337 3422 1378 3477 ac
1395 3421 1461 3475 vo·

410 3503 562 3598 luptates
589 3506 768 3582 emolliant
786 3514 924 3581 animos
946 3503 1251 3592 Christianorum.
1275 3506 1335 3597 qui
1357 3499 1461 3577 volu·

413 3620 550 3699 ptatem
572 3604 693 3704 lugete
707 3607 859 3691 debent.
879 3629 961 3682 cum
984 3605 1070 3679 nulli
1088 3608 1135 3678 rei
1155 3602 1216 3682 nist
1239 3602 1461 3699 poeultentiae

410 3706 484 3783 nati
507 3702 573 3778 lint
595 3709 666 3790 ‚dt
705 3707 846 3784 Cluilio
876 3704 1049 3785 crucifixo
1081 3703 1309 3787 conformari.
1345 3699 1462 3793 Quod

411 3801 480 3878 lint
504 3805 706 3882 occasiones
728 3809 886 3898 peccati,
909 3806 1065 3881 libidinis
1082 3808 1318 3887 irritamenta,
1342 3800 1462 3884 multi·

414 3924 485 3997 qne
514 3924 559 3980 ex
583 3905 662 4002 ipsrs
693 3911 857 4001 pejores,
887 3907 1003 3981 nullus
1027 3907 1154 3980 melior
1180 3904 1292 3978 redire
1318 3900 1464 3976 soleant·

414 4003 529 4118 Quod
552 4026 572 4076 e
599 4009 786 4103 gentilium
803 4009 962 4087 osoribus
984 4008 1159 4109 originem
1185 4001 1374 4115 spectacula
1399 3999 1466 4083 du·

379 4144 394 4178 0
419 4118 550 4181 xerlnte

468 4201 520 4275 lta
540 4201 762 4274 Tertullianus
788 4204 846 4281 lib.
868 4208 923 4276 De
939 4202 1243 4298 Sptsiacust's,cap.
1261 4224 1292 4280 1.
1315 4255 1367 4293 ‚,‚,
1391 4199 1469 4295 Qui

413 4300 648 4381 intestines,
675 4329 754 4400 quae
781 4309 871 4380 ratio
896 4309 1073 4389 veritatis.
1100 4301 1201 4398 quod
1228 4298 1470 4405 praescriptum

416 4402 606 4495 disciplinae
633 4408 723 4480 inter
760 4421 884 4483 cratera
910 4405 1114 4485 secularium
1143 4424 1334 4479 errorum.
1364 4404 1471 4484 etiam

419 4502 700 4597 spectaculorum
730 4506 1121 4680 voluptatesgadjovats
1138 4497 1210 4579 Dei
1224 4499 1313 4585 letti
1332 4522 1476 4681 ergene·

925 4656 933 4679 .
977 4621 999 4699 3
1376 4620 1426 4683 n·
