<?xml version="1.0" encoding="UTF-8"?>
<!DOCTYPE html PUBLIC "-//W3C//DTD XHTML 1.0 Transitional//EN"
    "http://www.w3.org/TR/xhtml1/DTD/xhtml1-transitional.dtd">
<html xmlns="http://www.w3.org/1999/xhtml" xml:lang="en" lang="en">
 <head>
  <title>
</title>
<meta http-equiv="Content-Type" content="text/html;charset=utf-8" />
  <meta name='ocr-system' content='tesseract 3.04.00' />
  <meta name='ocr-capabilities' content='ocr_page ocr_carea ocr_par ocr_line ocrx_word'/>
</head>
<body>
  <div class='ocr_page' id='page_1' title='image "./theologiadogmat07alexgoog_0272.png"; bbox 0 0 4234 5350; ppageno 0'>
   <div class='ocr_carea' id='block_1_1' title="bbox 633 443 1510 614">
    <p class='ocr_par' dir='ltr' id='par_1_1' title="bbox 633 443 1510 614">
     <span class='ocr_line' id='line_1_1' title="bbox 633 443 1510 614; baseline -0.005 -29"><span class='ocrx_word' id='word_1_1' title='bbox 633 490 705 590; x_wconf 76' lang='lat' dir='ltr'>Dc</span> <span class='ocrx_word' id='word_1_2' title='bbox 729 443 844 588; x_wconf 73' lang='lat' dir='ltr'>serto</span> <span class='ocrx_word' id='word_1_3' title='bbox 870 491 1074 610; x_wconf 64' lang='lat' dir='ltr'>monogr</span> <span class='ocrx_word' id='word_1_4' title='bbox 1099 507 1321 614; x_wconf 64' lang='lat' dir='ltr'>prereptos</span> <span class='ocrx_word' id='word_1_5' title='bbox 1425 518 1510 601; x_wconf 75' lang='lat'>277</span> 
     </span>
    </p>
   </div>
   <div class='ocr_carea' id='block_1_2' title="bbox 428 663 1715 4455">
    <p class='ocr_par' dir='ltr' id='par_1_2' title="bbox 453 663 1512 879">
     <span class='ocr_line' id='line_1_2' title="bbox 456 663 1512 768; baseline 0 -23"><span class='ocrx_word' id='word_1_6' title='bbox 456 693 516 756; x_wconf 81' lang='lat' dir='ltr'>rue</span> <span class='ocrx_word' id='word_1_7' title='bbox 537 663 671 745; x_wconf 86' lang='lat' dir='ltr'>theatra</span> <span class='ocrx_word' id='word_1_8' title='bbox 691 668 937 756; x_wconf 80' lang='lat' dir='ltr'>destruebant.</span> <span class='ocrx_word' id='word_1_9' title='bbox 965 672 1126 750; x_wconf 87' lang='lat' dir='ltr'>moribus</span> <span class='ocrx_word' id='word_1_10' title='bbox 1147 669 1394 754; x_wconf 81' lang='lat' dir='ltr'>consulentes,</span> <span class='ocrx_word' id='word_1_11' title='bbox 1418 689 1512 768; x_wconf 84' lang='lat' dir='ltr'>quo-</span> 
     </span>
     <span class='ocr_line' id='line_1_3' title="bbox 453 765 1510 879; baseline -0.009 -27"><span class='ocrx_word' id='word_1_12' title='bbox 453 791 537 852; x_wconf 84' lang='lat' dir='ltr'>tuna</span> <span class='ocrx_word' id='word_1_13' title='bbox 574 765 702 847; x_wconf 83' lang='lat' dir='ltr'>scilicet</span> <span class='ocrx_word' id='word_1_14' title='bbox 728 770 925 866; x_wconf 81' lang='lat' dir='ltr'>periculum</span> <span class='ocrx_word' id='word_1_15' title='bbox 951 769 1076 868; x_wconf 81' lang='lat' dir='ltr'>ingens</span> <span class='ocrx_word' id='word_1_16' title='bbox 1104 770 1150 849; x_wconf 85' lang='lat' dir='ltr'>de</span> <span class='ocrx_word' id='word_1_17' title='bbox 1186 769 1322 850; x_wconf 81' lang='lat' dir='ltr'>lascivia</span> <span class='ocrx_word' id='word_1_18' title='bbox 1344 766 1510 879; x_wconf 78' lang='lat' dir='ltr'>provide-</span> 
     </span>
    </p>

    <p class='ocr_par' dir='ltr' id='par_1_3' title="bbox 457 873 1704 1178">
     <span class='ocr_line' id='line_1_4' title="bbox 507 888 646 947; baseline -0.036 0"><span class='ocrx_word' id='word_1_19' title='bbox 507 888 547 947; x_wconf 93' lang='lat' dir='ltr'>ut</span> <span class='ocrx_word' id='word_1_20' title='bbox 635 915 646 942; x_wconf 89' lang='lat'><strong>.</strong></span> 
     </span>
     <span class='ocr_line' id='line_1_5' title="bbox 458 873 1704 1081; baseline -0.001 -40"><span class='ocrx_word' id='word_1_21' title='bbox 458 873 671 1064; x_wconf 48' lang='lat' dir='ltr'>mouile.</span> <span class='ocrx_word' id='word_1_22' title='bbox 688 1022 744 1065; x_wconf 82' lang='lat'>„„</span> <span class='ocrx_word' id='word_1_23' title='bbox 773 965 859 1048; x_wconf 77' lang='lat' dir='ltr'>atu</span> <span class='ocrx_word' id='word_1_24' title='bbox 885 969 971 1072; x_wconf 80' lang='lat' dir='ltr'>quaa</span> <span class='ocrx_word' id='word_1_25' title='bbox 990 968 1174 1056; x_wconf 67' lang='lat' dir='ltr'>aaran,</span> <span class='ocrx_word' id='word_1_26' title='bbox 1191 968 1359 1072; x_wconf 68' lang='lat' dir='ltr'>&amp;omae</span> <span class='ocrx_word' id='word_1_27' title='bbox 1382 963 1510 1070; x_wconf 68' lang='lat' dir='ltr'>saeua.</span> <span class='ocrx_word' id='word_1_28' title='bbox 1529 937 1704 1081; x_wconf 52' lang='lat' dir='ltr'>{mg</span> 
     </span>
     <span class='ocr_line' id='line_1_6' title="bbox 457 1037 1666 1178; baseline -0.006 -30"><span class='ocrx_word' id='word_1_29' title='bbox 457 1068 546 1168; x_wconf 83' lang='lat' dir='ltr'>culis</span> <span class='ocrx_word' id='word_1_30' title='bbox 566 1066 690 1153; x_wconf 76' lang='lat' dir='ltr'>fruitur</span> <span class='ocrx_word' id='word_1_31' title='bbox 715 1125 726 1157; x_wconf 86' lang='lat'><em>.</em></span> <span class='ocrx_word' id='word_1_32' title='bbox 756 1093 824 1169; x_wconf 88' lang='lat' dir='ltr'>pro</span> <span class='ocrx_word' id='word_1_33' title='bbox 845 1069 1047 1169; x_wconf 78' lang='lat' dir='ltr'>dignitatis.</span> <span class='ocrx_word' id='word_1_34' title='bbox 1073 1073 1129 1148; x_wconf 87' lang='lat' dir='ltr'>vel</span> <span class='ocrx_word' id='word_1_35' title='bbox 1165 1075 1299 1148; x_wconf 75' lang='lat' dir='ltr'>aetatis»</span> <span class='ocrx_word' id='word_1_36' title='bbox 1329 1066 1385 1144; x_wconf 79' lang='lat' dir='ltr'>vel</span> <span class='ocrx_word' id='word_1_37' title='bbox 1402 1069 1507 1178; x_wconf 82' lang='lat' dir='ltr'>etianr</span> <span class='ocrx_word' id='word_1_38' title='bbox 1526 1037 1666 1164; x_wconf 64' lang='lat' dir='ltr'>exlium.</span> 
     </span>
    </p>

    <p class='ocr_par' dir='ltr' id='par_1_4' title="bbox 428 1161 1509 1974">
     <span class='ocr_line' id='line_1_7' title="bbox 428 1161 1509 1259; baseline -0.006 -9"><span class='ocrx_word' id='word_1_39' title='bbox 428 1185 589 1250; x_wconf 68' lang='lat' dir='ltr'>‘uaturae</span> <span class='ocrx_word' id='word_1_40' title='bbox 609 1161 676 1250; x_wconf 82' lang='lat' dir='ltr'>luae</span> <span class='ocrx_word' id='word_1_41' title='bbox 700 1170 909 1250; x_wconf 86' lang='lat' dir='ltr'>conditione</span> <span class='ocrx_word' id='word_1_42' title='bbox 928 1193 1030 1259; x_wconf 89' lang='lat' dir='ltr'>,non</span> <span class='ocrx_word' id='word_1_43' title='bbox 1050 1187 1169 1256; x_wconf 82' lang='lat' dir='ltr'>tamen</span> <span class='ocrx_word' id='word_1_44' title='bbox 1189 1167 1381 1250; x_wconf 86' lang='lat' dir='ltr'>immobilis</span> <span class='ocrx_word' id='word_1_45' title='bbox 1399 1169 1509 1252; x_wconf 85' lang='lat' dir='ltr'>animi</span> 
     </span>
     <span class='ocr_line' id='line_1_8' title="bbox 456 1264 1508 1370; baseline -0.007 -22"><span class='ocrx_word' id='word_1_46' title='bbox 456 1269 531 1362; x_wconf 84' lang='lat' dir='ltr'>est,</span> <span class='ocrx_word' id='word_1_47' title='bbox 554 1267 625 1348; x_wconf 84' lang='lat' dir='ltr'>[ine</span> <span class='ocrx_word' id='word_1_48' title='bbox 644 1271 749 1352; x_wconf 82' lang='lat' dir='ltr'>tacita</span> <span class='ocrx_word' id='word_1_49' title='bbox 772 1269 908 1365; x_wconf 83' lang='lat' dir='ltr'>spiritus</span> <span class='ocrx_word' id='word_1_50' title='bbox 932 1268 1098 1370; x_wconf 75' lang='lat' dir='ltr'>pallione·</span> <span class='ocrx_word' id='word_1_51' title='bbox 1123 1268 1245 1348; x_wconf 84' lang='lat' dir='ltr'>Nemo</span> <span class='ocrx_word' id='word_1_52' title='bbox 1270 1269 1314 1352; x_wconf 88' lang='lat' dir='ltr'>ad</span> <span class='ocrx_word' id='word_1_53' title='bbox 1341 1264 1508 1361; x_wconf 72' lang='lat' dir='ltr'>uolupta-</span> 
     </span>
     <span class='ocr_line' id='line_1_9' title="bbox 455 1363 1504 1457; baseline 0.002 -13"><span class='ocrx_word' id='word_1_54' title='bbox 455 1383 528 1450; x_wconf 86' lang='lat' dir='ltr'>tem</span> <span class='ocrx_word' id='word_1_55' title='bbox 556 1374 653 1446; x_wconf 81' lang='lat' dir='ltr'>venit</span> <span class='ocrx_word' id='word_1_56' title='bbox 673 1368 744 1447; x_wconf 83' lang='lat' dir='ltr'>saue</span> <span class='ocrx_word' id='word_1_57' title='bbox 764 1369 921 1457; x_wconf 73' lang='lat' dir='ltr'>affectu.</span> <span class='ocrx_word' id='word_1_58' title='bbox 951 1394 1059 1448; x_wconf 87' lang='lat' dir='ltr'>nemo</span> <span class='ocrx_word' id='word_1_59' title='bbox 1081 1369 1245 1448; x_wconf 78' lang='lat' dir='ltr'>affetluna</span> <span class='ocrx_word' id='word_1_60' title='bbox 1273 1367 1344 1453; x_wconf 81' lang='lat' dir='ltr'>lane</span> <span class='ocrx_word' id='word_1_61' title='bbox 1370 1363 1504 1446; x_wconf 76' lang='lat' dir='ltr'>casabus</span> 
     </span>
     <span class='ocr_line' id='line_1_10' title="bbox 453 1465 1503 1572; baseline -0.004 -26"><span class='ocrx_word' id='word_1_62' title='bbox 453 1467 518 1556; x_wconf 79' lang='lat' dir='ltr'>luis</span> <span class='ocrx_word' id='word_1_63' title='bbox 541 1472 685 1572; x_wconf 78' lang='lat' dir='ltr'>patitur·</span> <span class='ocrx_word' id='word_1_64' title='bbox 710 1466 777 1565; x_wconf 78' lang='lat' dir='ltr'>{pb</span> <span class='ocrx_word' id='word_1_65' title='bbox 792 1468 887 1546; x_wconf 86' lang='lat' dir='ltr'>casus</span> <span class='ocrx_word' id='word_1_66' title='bbox 909 1475 1134 1550; x_wconf 83' lang='lat' dir='ltr'>incitamenta</span> <span class='ocrx_word' id='word_1_67' title='bbox 1153 1467 1233 1549; x_wconf 87' lang='lat' dir='ltr'>sunt</span> <span class='ocrx_word' id='word_1_68' title='bbox 1256 1465 1503 1552; x_wconf 59' lang='lat' dir='ltr'>affectares-</span> 
     </span>
     <span class='ocr_line' id='line_1_11' title="bbox 454 1563 1502 1666; baseline 0 -22"><span class='ocrx_word' id='word_1_69' title='bbox 454 1583 572 1660; x_wconf 77' lang='lat' dir='ltr'>terum</span> <span class='ocrx_word' id='word_1_70' title='bbox 598 1565 621 1644; x_wconf 85' lang='lat' dir='ltr'><strong>fi</strong></span> <span class='ocrx_word' id='word_1_71' title='bbox 645 1566 749 1654; x_wconf 82' lang='lat' dir='ltr'>collat</span> <span class='ocrx_word' id='word_1_72' title='bbox 780 1567 922 1648; x_wconf 81' lang='lat' dir='ltr'>affetlus</span> <span class='ocrx_word' id='word_1_73' title='bbox 947 1627 957 1657; x_wconf 84' lang='lat'><strong>,</strong></span> <span class='ocrx_word' id='word_1_74' title='bbox 981 1572 1075 1658; x_wconf 86' lang='lat' dir='ltr'>nulla</span> <span class='ocrx_word' id='word_1_75' title='bbox 1102 1569 1152 1648; x_wconf 83' lang='lat' dir='ltr'>est</span> <span class='ocrx_word' id='word_1_76' title='bbox 1171 1571 1335 1666; x_wconf 80' lang='lat' dir='ltr'>voluptas</span> <span class='ocrx_word' id='word_1_77' title='bbox 1358 1565 1421 1644; x_wconf 60' lang='lat' dir='ltr'>a&amp;</span> <span class='ocrx_word' id='word_1_78' title='bbox 1452 1563 1502 1644; x_wconf 85' lang='lat' dir='ltr'>elt</span> 
     </span>
     <span class='ocr_line' id='line_1_12' title="bbox 451 1663 1502 1764; baseline -0.008 -19"><span class='ocrx_word' id='word_1_79' title='bbox 451 1691 534 1750; x_wconf 84' lang='lat' dir='ltr'>reus</span> <span class='ocrx_word' id='word_1_80' title='bbox 555 1668 628 1761; x_wconf 84' lang='lat' dir='ltr'>jam</span> <span class='ocrx_word' id='word_1_81' title='bbox 656 1667 711 1753; x_wconf 90' lang='lat' dir='ltr'>ille</span> <span class='ocrx_word' id='word_1_82' title='bbox 725 1673 904 1757; x_wconf 82' lang='lat' dir='ltr'>vanitatis,</span> <span class='ocrx_word' id='word_1_83' title='bbox 918 1695 963 1748; x_wconf 92' lang='lat' dir='ltr'>eo</span> <span class='ocrx_word' id='word_1_84' title='bbox 983 1672 1296 1763; x_wconf 67' lang='lat' dir='ltr'>conueniensmbi</span> <span class='ocrx_word' id='word_1_85' title='bbox 1317 1663 1502 1764; x_wconf 55' lang='lat' dir='ltr'>nihilconjs</span> 
     </span>
     <span class='ocr_line' id='line_1_13' title="bbox 452 1764 1503 1864; baseline -0.005 -20"><span class='ocrx_word' id='word_1_86' title='bbox 452 1767 619 1864; x_wconf 79' lang='lat' dir='ltr'>sequitur.</span> <span class='ocrx_word' id='word_1_87' title='bbox 653 1767 742 1845; x_wconf 88' lang='lat' dir='ltr'>Puto</span> <span class='ocrx_word' id='word_1_88' title='bbox 762 1783 879 1845; x_wconf 88' lang='lat' dir='ltr'>autem</span> <span class='ocrx_word' id='word_1_89' title='bbox 903 1772 1008 1853; x_wconf 85' lang='lat' dir='ltr'>etiam</span> <span class='ocrx_word' id='word_1_90' title='bbox 1033 1773 1164 1850; x_wconf 77' lang='lat' dir='ltr'>vanitas</span> <span class='ocrx_word' id='word_1_91' title='bbox 1182 1786 1345 1850; x_wconf 81' lang='lat' dir='ltr'>extranea</span> <span class='ocrx_word' id='word_1_92' title='bbox 1365 1764 1414 1840; x_wconf 89' lang='lat' dir='ltr'>ell</span> <span class='ocrx_word' id='word_1_93' title='bbox 1435 1782 1503 1839; x_wconf 89' lang='lat' dir='ltr'>no·</span> 
     </span>
     <span class='ocr_line' id='line_1_14' title="bbox 453 1862 1498 1974; baseline 0.005 -30"><span class='ocrx_word' id='word_1_94' title='bbox 453 1867 517 1954; x_wconf 77' lang='lat' dir='ltr'>bis</span> <span class='ocrx_word' id='word_1_95' title='bbox 545 1864 648 1974; x_wconf 81' lang='lat' dir='ltr'>Quid</span> <span class='ocrx_word' id='word_1_96' title='bbox 668 1871 768 1966; x_wconf 84' lang='lat' dir='ltr'>quud</span> <span class='ocrx_word' id='word_1_97' title='bbox 782 1915 792 1944; x_wconf 81' lang='lat'>‚</span> <span class='ocrx_word' id='word_1_98' title='bbox 805 1873 841 1946; x_wconf 72' lang='grc' dir='ltr'>δι</span> <span class='ocrx_word' id='word_1_99' title='bbox 859 1866 930 1968; x_wconf 84' lang='lat' dir='ltr'>ipse</span> <span class='ocrx_word' id='word_1_100' title='bbox 946 1870 977 1946; x_wconf 86' lang='lat' dir='ltr'>le</span> <span class='ocrx_word' id='word_1_101' title='bbox 990 1869 1124 1964; x_wconf 88' lang='lat' dir='ltr'>judicat</span> <span class='ocrx_word' id='word_1_102' title='bbox 1137 1914 1146 1945; x_wconf 65' lang='lat'><em>2</em></span> <span class='ocrx_word' id='word_1_103' title='bbox 1160 1871 1251 1944; x_wconf 87' lang='lat' dir='ltr'>inter</span> <span class='ocrx_word' id='word_1_104' title='bbox 1269 1889 1329 1946; x_wconf 87' lang='lat' dir='ltr'>eos</span> <span class='ocrx_word' id='word_1_105' title='bbox 1343 1862 1498 1962; x_wconf 73' lang='lat' dir='ltr'>uolatus,</span> 
     </span>
    </p>

    <p class='ocr_par' dir='ltr' id='par_1_5' title="bbox 450 1967 1506 2465">
     <span class='ocr_line' id='line_1_15' title="bbox 481 1967 1501 2052; baseline -0.006 -9"><span class='ocrx_word' id='word_1_106' title='bbox 481 1990 611 2043; x_wconf 85' lang='lat' dir='ltr'>uorum</span> <span class='ocrx_word' id='word_1_107' title='bbox 629 1967 664 2045; x_wconf 89' lang='lat' dir='ltr'>se</span> <span class='ocrx_word' id='word_1_108' title='bbox 682 1968 826 2052; x_wconf 79' lang='lat' dir='ltr'>similem</span> <span class='ocrx_word' id='word_1_109' title='bbox 851 1969 994 2052; x_wconf 80' lang='lat' dir='ltr'>nolens.</span> <span class='ocrx_word' id='word_1_110' title='bbox 1010 1973 1059 2047; x_wconf 91' lang='lat' dir='ltr'>uti</span> <span class='ocrx_word' id='word_1_111' title='bbox 1091 1994 1133 2046; x_wconf 88' lang='lat' dir='ltr'>ue</span> <span class='ocrx_word' id='word_1_112' title='bbox 1146 1968 1393 2045; x_wconf 84' lang='lat' dir='ltr'>detestatorem</span> <span class='ocrx_word' id='word_1_113' title='bbox 1411 1984 1501 2038; x_wconf 89' lang='lat' dir='ltr'>con·</span> 
     </span>
     <span class='ocr_line' id='line_1_16' title="bbox 450 1990 1504 2168; baseline -0.005 -26"><span class='ocrx_word' id='word_1_114' title='bbox 450 1990 602 2156; x_wconf 55' lang='lat' dir='ltr'>litetur?</span> <span class='ocrx_word' id='word_1_115' title='bbox 621 2066 736 2146; x_wconf 85' lang='lat' dir='ltr'>Nubis</span> <span class='ocrx_word' id='word_1_116' title='bbox 763 2067 839 2143; x_wconf 87' lang='lat' dir='ltr'>satis</span> <span class='ocrx_word' id='word_1_117' title='bbox 859 2092 934 2144; x_wconf 93' lang='lat' dir='ltr'>non</span> <span class='ocrx_word' id='word_1_118' title='bbox 953 2069 1001 2156; x_wconf 71' lang='lat' dir='ltr'>eli</span> <span class='ocrx_word' id='word_1_119' title='bbox 1023 2123 1034 2156; x_wconf 92' lang='lat'><strong>,</strong></span> <span class='ocrx_word' id='word_1_120' title='bbox 1062 1995 1090 2145; x_wconf 66' lang='lat' dir='ltr'>l</span> <span class='ocrx_word' id='word_1_121' title='bbox 1109 2067 1173 2168; x_wconf 83' lang='lat' dir='ltr'>ipst</span> <span class='ocrx_word' id='word_1_122' title='bbox 1195 2065 1280 2142; x_wconf 91' lang='lat' dir='ltr'>nibil</span> <span class='ocrx_word' id='word_1_123' title='bbox 1303 2063 1371 2146; x_wconf 85' lang='lat' dir='ltr'>tale</span> <span class='ocrx_word' id='word_1_124' title='bbox 1400 2061 1504 2158; x_wconf 79' lang='lat' dir='ltr'>lacia-</span> 
     </span>
     <span class='ocr_line' id='line_1_17' title="bbox 453 2151 1505 2253; baseline -0.013 -3"><span class='ocrx_word' id='word_1_125' title='bbox 453 2189 555 2252; x_wconf 69' lang='lat' dir='ltr'>mus,</span> <span class='ocrx_word' id='word_1_126' title='bbox 571 2164 634 2251; x_wconf 83' lang='lat' dir='ltr'>nili</span> <span class='ocrx_word' id='word_1_127' title='bbox 658 2168 694 2239; x_wconf 69' lang='grc' dir='ltr'>δι</span> <span class='ocrx_word' id='word_1_128' title='bbox 716 2167 793 2253; x_wconf 87' lang='lat' dir='ltr'>talia</span> <span class='ocrx_word' id='word_1_129' title='bbox 813 2167 1019 2250; x_wconf 82' lang='lat' dir='ltr'>facientibus</span> <span class='ocrx_word' id='word_1_130' title='bbox 1041 2193 1118 2246; x_wconf 92' lang='lat' dir='ltr'>non</span> <span class='ocrx_word' id='word_1_131' title='bbox 1138 2168 1372 2245; x_wconf 77' lang='lat' dir='ltr'>conteramus.</span> <span class='ocrx_word' id='word_1_132' title='bbox 1402 2165 1436 2228; x_wconf 76' lang='lat' dir='ltr'>sa·</span> <span class='ocrx_word' id='word_1_133' title='bbox 1445 2151 1505 2253; x_wconf 75' lang='lat' dir='ltr'>fu·</span> 
     </span>
     <span class='ocr_line' id='line_1_18' title="bbox 456 2257 1506 2363; baseline 0.003 -30"><span class='ocrx_word' id='word_1_134' title='bbox 456 2288 526 2340; x_wconf 80' lang='lat' dir='ltr'>rem</span> <span class='ocrx_word' id='word_1_135' title='bbox 545 2263 694 2363; x_wconf 87' lang='lat' dir='ltr'>(lnquit</span> <span class='ocrx_word' id='word_1_136' title='bbox 713 2276 728 2351; x_wconf 82' lang='lat' dir='ltr'>l</span> <span class='ocrx_word' id='word_1_137' title='bbox 752 2264 885 2336; x_wconf 70' lang='lat' dir='ltr'>videbar</span> <span class='ocrx_word' id='word_1_138' title='bbox 907 2324 918 2360; x_wconf 79' lang='lat'>‚</span> <span class='ocrx_word' id='word_1_139' title='bbox 939 2265 1150 2340; x_wconf 79' lang='lat' dir='ltr'>concurrebas</span> <span class='ocrx_word' id='word_1_140' title='bbox 1170 2289 1241 2338; x_wconf 80' lang='lat' dir='ltr'>cum</span> <span class='ocrx_word' id='word_1_141' title='bbox 1266 2287 1314 2337; x_wconf 85' lang='lat' dir='ltr'>ro.</span> <span class='ocrx_word' id='word_1_142' title='bbox 1360 2257 1506 2338; x_wconf 86' lang='lat' dir='ltr'>Utinam</span> 
     </span>
     <span class='ocr_line' id='line_1_19' title="bbox 453 2359 1503 2465; baseline 0 -26"><span class='ocrx_word' id='word_1_143' title='bbox 453 2386 500 2450; x_wconf 83' lang='lat' dir='ltr'>ue</span> <span class='ocrx_word' id='word_1_144' title='bbox 522 2366 559 2440; x_wconf 89' lang='lat' dir='ltr'>in</span> <span class='ocrx_word' id='word_1_145' title='bbox 589 2367 705 2450; x_wconf 83' lang='lat' dir='ltr'>seculo</span> <span class='ocrx_word' id='word_1_146' title='bbox 737 2367 882 2465; x_wconf 86' lang='lat' dir='ltr'>quidem</span> <span class='ocrx_word' id='word_1_147' title='bbox 909 2424 920 2455; x_wconf 90' lang='lat'><strong>‚</strong></span> <span class='ocrx_word' id='word_1_148' title='bbox 943 2367 1047 2447; x_wconf 77' lang='lat' dir='ltr'>sinaut</span> <span class='ocrx_word' id='word_1_149' title='bbox 1069 2391 1153 2446; x_wconf 89' lang='lat' dir='ltr'>curn</span> <span class='ocrx_word' id='word_1_150' title='bbox 1173 2368 1238 2454; x_wconf 87' lang='lat' dir='ltr'>illis</span> <span class='ocrx_word' id='word_1_151' title='bbox 1259 2359 1503 2440; x_wconf 83' lang='lat' dir='ltr'>moraremur!</span> 
     </span>
    </p>

    <p class='ocr_par' dir='ltr' id='par_1_6' title="bbox 443 2455 1506 2660">
     <span class='ocr_line' id='line_1_20' title="bbox 443 2455 1506 2574; baseline -0.006 -28"><span class='ocrx_word' id='word_1_152' title='bbox 443 2460 524 2574; x_wconf 31' lang='lat' dir='ltr'>,sed</span> <span class='ocrx_word' id='word_1_153' title='bbox 546 2463 581 2538; x_wconf 94' lang='lat' dir='ltr'>in</span> <span class='ocrx_word' id='word_1_154' title='bbox 601 2462 809 2544; x_wconf 85' lang='lat' dir='ltr'>secularibus</span> <span class='ocrx_word' id='word_1_155' title='bbox 843 2467 1040 2562; x_wconf 81' lang='lat' dir='ltr'>separamur</span> <span class='ocrx_word' id='word_1_156' title='bbox 1056 2515 1066 2550; x_wconf 63' lang='lat' dir='ltr'>a</span> <span class='ocrx_word' id='word_1_157' title='bbox 1081 2472 1163 2565; x_wconf 83' lang='lat' dir='ltr'>quia</span> <span class='ocrx_word' id='word_1_158' title='bbox 1183 2466 1338 2550; x_wconf 84' lang='lat' dir='ltr'>seculum</span> <span class='ocrx_word' id='word_1_159' title='bbox 1356 2457 1427 2544; x_wconf 87' lang='lat' dir='ltr'>Dei</span> <span class='ocrx_word' id='word_1_160' title='bbox 1438 2455 1506 2542; x_wconf 72' lang='lat' dir='ltr'>est,</span> 
     </span>
     <span class='ocr_line' id='line_1_21' title="bbox 443 2561 1022 2660; baseline -0.007 -18"><span class='ocrx_word' id='word_1_161' title='bbox 443 2561 616 2650; x_wconf 82' lang='lat' dir='ltr'>—lecularia</span> <span class='ocrx_word' id='word_1_162' title='bbox 641 2582 762 2649; x_wconf 79' lang='lat' dir='ltr'>autent</span> <span class='ocrx_word' id='word_1_163' title='bbox 792 2567 921 2648; x_wconf 91' lang='lat' dir='ltr'>diaboli</span> <span class='ocrx_word' id='word_1_164' title='bbox 950 2617 1022 2660; x_wconf 82' lang='lat'>„‚,.</span> 
     </span>
    </p>

    <p class='ocr_par' dir='ltr' id='par_1_7' title="bbox 455 2645 1707 4253">
     <span class='ocr_line' id='line_1_22' title="bbox 487 2645 1707 2765; baseline -0.002 -26"><span class='ocrx_word' id='word_1_165' title='bbox 487 2668 581 2758; x_wconf 66' lang='lat' dir='ltr'>Cap.</span> <span class='ocrx_word' id='word_1_166' title='bbox 615 2687 671 2747; x_wconf 84' lang='lat'>25.</span> <span class='ocrx_word' id='word_1_167' title='bbox 708 2724 763 2760; x_wconf 82' lang='lat'>„„</span> <span class='ocrx_word' id='word_1_168' title='bbox 799 2671 851 2749; x_wconf 80' lang='lat' dir='ltr'>rln</span> <span class='ocrx_word' id='word_1_169' title='bbox 873 2667 930 2743; x_wconf 89' lang='lat' dir='ltr'>ille</span> <span class='ocrx_word' id='word_1_170' title='bbox 960 2668 1170 2765; x_wconf 86' lang='lat' dir='ltr'>recogitabit</span> <span class='ocrx_word' id='word_1_171' title='bbox 1195 2688 1241 2743; x_wconf 87' lang='lat' dir='ltr'>eo</span> <span class='ocrx_word' id='word_1_172' title='bbox 1269 2681 1434 2755; x_wconf 81' lang='lat' dir='ltr'>tempore</span> <span class='ocrx_word' id='word_1_173' title='bbox 1464 2653 1509 2733; x_wconf 89' lang='lat' dir='ltr'>de</span> <span class='ocrx_word' id='word_1_174' title='bbox 1534 2645 1707 2739; x_wconf 61' lang='lat' dir='ltr'>spectacula</span> 
     </span>
     <span class='ocr_line' id='line_1_23' title="bbox 455 2723 1701 2869; baseline -0.002 -31"><span class='ocrx_word' id='word_1_175' title='bbox 455 2760 541 2853; x_wconf 89' lang='lat' dir='ltr'>Deo</span> <span class='ocrx_word' id='word_1_176' title='bbox 559 2818 569 2850; x_wconf 83' lang='lat'><strong>.</strong></span> <span class='ocrx_word' id='word_1_177' title='bbox 585 2763 719 2867; x_wconf 76' lang='lat' dir='ltr'>politus</span> <span class='ocrx_word' id='word_1_178' title='bbox 740 2768 832 2855; x_wconf 90' lang='lat' dir='ltr'>illic,</span> <span class='ocrx_word' id='word_1_179' title='bbox 863 2770 920 2844; x_wconf 90' lang='lat' dir='ltr'>ubi</span> <span class='ocrx_word' id='word_1_180' title='bbox 939 2767 1023 2844; x_wconf 90' lang='lat' dir='ltr'>nihil</span> <span class='ocrx_word' id='word_1_181' title='bbox 1048 2770 1096 2844; x_wconf 87' lang='lat' dir='ltr'>est</span> <span class='ocrx_word' id='word_1_182' title='bbox 1115 2771 1157 2845; x_wconf 91' lang='lat' dir='ltr'>de</span> <span class='ocrx_word' id='word_1_183' title='bbox 1168 2764 1251 2844; x_wconf 88' lang='lat' dir='ltr'>Deo</span> <span class='ocrx_word' id='word_1_184' title='bbox 1269 2766 1286 2838; x_wconf 69' lang='grc' dir='ltr'><strong><em>ἒ</em></strong></span> <span class='ocrx_word' id='word_1_185' title='bbox 1302 2761 1509 2843; x_wconf 84' lang='lat' dir='ltr'>Pudicitiam</span> <span class='ocrx_word' id='word_1_186' title='bbox 1527 2723 1649 2865; x_wconf 52' lang='lat' dir='ltr'>ggffiffl</span> <span class='ocrx_word' id='word_1_187' title='bbox 1656 2742 1701 2869; x_wconf 47' lang='grc' dir='ltr'>’,Β</span> 
     </span>
     <span class='ocr_line' id='line_1_24' title="bbox 455 2861 1650 2969; baseline -0.012 -22"><span class='ocrx_word' id='word_1_188' title='bbox 455 2862 563 2949; x_wconf 82' lang='lat' dir='ltr'>discet</span> <span class='ocrx_word' id='word_1_189' title='bbox 585 2872 758 2949; x_wconf 90' lang='lat' dir='ltr'>attonitus</span> <span class='ocrx_word' id='word_1_190' title='bbox 789 2872 824 2943; x_wconf 89' lang='lat' dir='ltr'>in</span> <span class='ocrx_word' id='word_1_191' title='bbox 852 2867 1015 2951; x_wconf 81' lang='lat' dir='ltr'>lllimos?</span> <span class='ocrx_word' id='word_1_192' title='bbox 1031 2864 1111 2944; x_wconf 77' lang='lat' dir='ltr'>loro</span> <span class='ocrx_word' id='word_1_193' title='bbox 1134 2868 1285 2943; x_wconf 88' lang='lat' dir='ltr'>inomni</span> <span class='ocrx_word' id='word_1_194' title='bbox 1311 2861 1508 2969; x_wconf 73' lang='lat' dir='ltr'>speilaculo</span> <span class='ocrx_word' id='word_1_195' title='bbox 1527 2883 1650 2945; x_wconf 77' lang='lat' dir='ltr'>aucune.</span> 
     </span>
     <span class='ocr_line' id='line_1_25' title="bbox 460 2963 1510 3062; baseline -0.007 -21"><span class='ocrx_word' id='word_1_196' title='bbox 460 2965 596 3041; x_wconf 87' lang='lat' dir='ltr'>nullum</span> <span class='ocrx_word' id='word_1_197' title='bbox 628 2969 740 3062; x_wconf 85' lang='lat' dir='ltr'>magis</span> <span class='ocrx_word' id='word_1_198' title='bbox 768 2965 966 3045; x_wconf 84' lang='lat' dir='ltr'>scandalum</span> <span class='ocrx_word' id='word_1_199' title='bbox 1002 2983 1193 3049; x_wconf 84' lang='lat' dir='ltr'>occurret.</span> <span class='ocrx_word' id='word_1_200' title='bbox 1219 2987 1326 3060; x_wconf 86' lang='lat' dir='ltr'>quam</span> <span class='ocrx_word' id='word_1_201' title='bbox 1357 2963 1413 3039; x_wconf 89' lang='lat' dir='ltr'>ille</span> <span class='ocrx_word' id='word_1_202' title='bbox 1440 2963 1510 3054; x_wconf 86' lang='lat' dir='ltr'>iple</span> 
     </span>
     <span class='ocr_line' id='line_1_26' title="bbox 460 3060 1509 3154; baseline -0.01 -14"><span class='ocrx_word' id='word_1_203' title='bbox 460 3064 699 3150; x_wconf 72' lang='lat' dir='ltr'>moleton&amp;</span> <span class='ocrx_word' id='word_1_204' title='bbox 713 3070 869 3142; x_wconf 82' lang='lat' dir='ltr'>virorum</span> <span class='ocrx_word' id='word_1_205' title='bbox 882 3071 1079 3143; x_wconf 88' lang='lat' dir='ltr'>accuratior</span> <span class='ocrx_word' id='word_1_206' title='bbox 1091 3065 1290 3154; x_wconf 75' lang='lat' dir='ltr'>cultuuipla</span> <span class='ocrx_word' id='word_1_207' title='bbox 1305 3060 1509 3139; x_wconf 87' lang='lat' dir='ltr'>coulenliu,</span> 
     </span>
     <span class='ocr_line' id='line_1_27' title="bbox 458 3161 1508 3263; baseline -0.006 -26"><span class='ocrx_word' id='word_1_208' title='bbox 458 3164 528 3259; x_wconf 74' lang='lat' dir='ltr'>ipl‘a</span> <span class='ocrx_word' id='word_1_209' title='bbox 546 3165 580 3239; x_wconf 87' lang='lat' dir='ltr'>in</span> <span class='ocrx_word' id='word_1_210' title='bbox 596 3165 841 3249; x_wconf 57' lang='lat' dir='ltr'>,favoribusuut</span> <span class='ocrx_word' id='word_1_211' title='bbox 861 3167 1085 3263; x_wconf 79' lang='lat' dir='ltr'>conspiratio,</span> <span class='ocrx_word' id='word_1_212' title='bbox 1103 3183 1163 3240; x_wconf 87' lang='lat' dir='ltr'>aut</span> <span class='ocrx_word' id='word_1_213' title='bbox 1177 3161 1337 3239; x_wconf 87' lang='lat' dir='ltr'>dlllenllo</span> <span class='ocrx_word' id='word_1_214' title='bbox 1365 3162 1454 3233; x_wconf 86' lang='lat' dir='ltr'>inter</span> <span class='ocrx_word' id='word_1_215' title='bbox 1476 3164 1508 3231; x_wconf 86' lang='lat' dir='ltr'>lc</span> 
     </span>
     <span class='ocr_line' id='line_1_28' title="bbox 458 3255 1508 3347; baseline -0.01 -10"><span class='ocrx_word' id='word_1_216' title='bbox 458 3263 503 3345; x_wconf 89' lang='lat' dir='ltr'>de</span> <span class='ocrx_word' id='word_1_217' title='bbox 515 3270 735 3345; x_wconf 83' lang='lat' dir='ltr'>commercio</span> <span class='ocrx_word' id='word_1_218' title='bbox 748 3264 906 3347; x_wconf 82' lang='lat' dir='ltr'>scintillas</span> <span class='ocrx_word' id='word_1_219' title='bbox 917 3268 1101 3347; x_wconf 86' lang='lat' dir='ltr'>libidinum</span> <span class='ocrx_word' id='word_1_220' title='bbox 1113 3259 1370 3337; x_wconf 85' lang='lat' dir='ltr'>coullabellant.</span> <span class='ocrx_word' id='word_1_221' title='bbox 1388 3255 1508 3329; x_wconf 89' lang='lat' dir='ltr'>Nemo</span> 
     </span>
     <span class='ocr_line' id='line_1_29' title="bbox 456 3353 1508 3461; baseline -0.01 -22"><span class='ocrx_word' id='word_1_222' title='bbox 456 3361 613 3459; x_wconf 87' lang='lat' dir='ltr'>denique</span> <span class='ocrx_word' id='word_1_223' title='bbox 636 3369 672 3439; x_wconf 89' lang='lat' dir='ltr'>ln</span> <span class='ocrx_word' id='word_1_224' title='bbox 688 3362 883 3458; x_wconf 70' lang='lat' dir='ltr'>spectaculo</span> <span class='ocrx_word' id='word_1_225' title='bbox 903 3367 1061 3443; x_wconf 88' lang='lat' dir='ltr'>ineundo</span> <span class='ocrx_word' id='word_1_226' title='bbox 1083 3365 1176 3461; x_wconf 84' lang='lat' dir='ltr'>ptius</span> <span class='ocrx_word' id='word_1_227' title='bbox 1192 3362 1357 3455; x_wconf 85' lang='lat' dir='ltr'>cogitat.</span> <span class='ocrx_word' id='word_1_228' title='bbox 1381 3353 1441 3434; x_wconf 82' lang='lat' dir='ltr'>nist</span> <span class='ocrx_word' id='word_1_229' title='bbox 1456 3359 1508 3428; x_wconf 87' lang='lat' dir='ltr'>vi·</span> 
     </span>
     <span class='ocr_line' id='line_1_30' title="bbox 456 3458 1507 3556; baseline -0.006 -22"><span class='ocrx_word' id='word_1_230' title='bbox 456 3459 532 3545; x_wconf 82' lang='lat' dir='ltr'>deri</span> <span class='ocrx_word' id='word_1_231' title='bbox 546 3464 604 3546; x_wconf 75' lang='grc' dir='ltr'>,δι</span> <span class='ocrx_word' id='word_1_232' title='bbox 624 3464 750 3537; x_wconf 83' lang='lat' dir='ltr'>uidere.</span> <span class='ocrx_word' id='word_1_233' title='bbox 780 3463 847 3538; x_wconf 86' lang='lat' dir='ltr'>Sed</span> <span class='ocrx_word' id='word_1_234' title='bbox 863 3465 1040 3556; x_wconf 79' lang='lat' dir='ltr'>Tragaedo</span> <span class='ocrx_word' id='word_1_235' title='bbox 1066 3460 1306 3537; x_wconf 79' lang='lat' dir='ltr'>vociferante,</span> <span class='ocrx_word' id='word_1_236' title='bbox 1331 3458 1507 3529; x_wconf 87' lang='lat' dir='ltr'>exclama·</span> 
     </span>
     <span class='ocr_line' id='line_1_31' title="bbox 457 3551 1507 3661; baseline -0.012 -24"><span class='ocrx_word' id='word_1_237' title='bbox 457 3562 573 3637; x_wconf 86' lang='lat' dir='ltr'>tiones</span> <span class='ocrx_word' id='word_1_238' title='bbox 606 3561 660 3634; x_wconf 89' lang='lat' dir='ltr'>ille</span> <span class='ocrx_word' id='word_1_239' title='bbox 680 3562 824 3657; x_wconf 83' lang='lat' dir='ltr'>alicujus</span> <span class='ocrx_word' id='word_1_240' title='bbox 844 3563 1029 3661; x_wconf 81' lang='lat' dir='ltr'>l&#39;ruphetae</span> <span class='ocrx_word' id='word_1_241' title='bbox 1053 3554 1278 3641; x_wconf 67' lang='lat' dir='ltr'>retractabit?</span> <span class='ocrx_word' id='word_1_242' title='bbox 1294 3552 1334 3631; x_wconf 86' lang='lat' dir='ltr'>Et</span> <span class='ocrx_word' id='word_1_243' title='bbox 1353 3559 1442 3631; x_wconf 90' lang='lat' dir='ltr'>iotet</span> <span class='ocrx_word' id='word_1_244' title='bbox 1457 3551 1507 3631; x_wconf 78' lang='lat' dir='ltr'>et.</span> 
     </span>
     <span class='ocr_line' id='line_1_32' title="bbox 457 3654 1507 3743; baseline -0.01 -8"><span class='ocrx_word' id='word_1_245' title='bbox 457 3658 633 3743; x_wconf 81' lang='lat' dir='ltr'>loeuainati</span> <span class='ocrx_word' id='word_1_246' title='bbox 657 3659 830 3741; x_wconf 84' lang='lat' dir='ltr'>histrionis</span> <span class='ocrx_word' id='word_1_247' title='bbox 865 3665 995 3740; x_wconf 86' lang='lat' dir='ltr'>modos</span> <span class='ocrx_word' id='word_1_248' title='bbox 1022 3660 1193 3737; x_wconf 81' lang='lat' dir='ltr'>l&#39;lalmurn</span> <span class='ocrx_word' id='word_1_249' title='bbox 1218 3658 1334 3736; x_wconf 66' lang='lat' dir='ltr'>locutu</span> <span class='ocrx_word' id='word_1_250' title='bbox 1355 3654 1507 3732; x_wconf 64' lang='lat' dir='ltr'>commi,</span> 
     </span>
     <span class='ocr_line' id='line_1_33' title="bbox 456 3755 1507 3851; baseline -0.008 -18"><span class='ocrx_word' id='word_1_251' title='bbox 456 3758 572 3834; x_wconf 88' lang='lat' dir='ltr'>lcetur</span> <span class='ocrx_word' id='word_1_252' title='bbox 602 3758 617 3833; x_wconf 86' lang='lat'><strong>?</strong></span> <span class='ocrx_word' id='word_1_253' title='bbox 646 3763 790 3836; x_wconf 76' lang='lat' dir='ltr'>Avertat</span> <span class='ocrx_word' id='word_1_254' title='bbox 816 3760 916 3841; x_wconf 85' lang='lat' dir='ltr'>Deus</span> <span class='ocrx_word' id='word_1_255' title='bbox 940 3789 956 3837; x_wconf 87' lang='lat' dir='ltr'>a</span> <span class='ocrx_word' id='word_1_256' title='bbox 980 3759 1044 3836; x_wconf 87' lang='lat' dir='ltr'>luis</span> <span class='ocrx_word' id='word_1_257' title='bbox 1071 3770 1203 3834; x_wconf 84' lang='lat' dir='ltr'>tautam</span> <span class='ocrx_word' id='word_1_258' title='bbox 1220 3757 1408 3851; x_wconf 83' lang='lat' dir='ltr'>voluptatis</span> <span class='ocrx_word' id='word_1_259' title='bbox 1433 3755 1507 3827; x_wconf 84' lang='lat' dir='ltr'>exi·</span> 
     </span>
     <span class='ocr_line' id='line_1_34' title="bbox 458 3850 1510 3959; baseline -0.003 -28"><span class='ocrx_word' id='word_1_260' title='bbox 458 3858 553 3939; x_wconf 79' lang='lat' dir='ltr'>tiolae</span> <span class='ocrx_word' id='word_1_261' title='bbox 579 3862 818 3953; x_wconf 82' lang='lat' dir='ltr'>cupiditatem.</span> <span class='ocrx_word' id='word_1_262' title='bbox 847 3862 964 3959; x_wconf 80' lang='lat' dir='ltr'>Quale</span> <span class='ocrx_word' id='word_1_263' title='bbox 984 3862 1031 3935; x_wconf 86' lang='lat' dir='ltr'>eli</span> <span class='ocrx_word' id='word_1_264' title='bbox 1052 3861 1145 3934; x_wconf 86' lang='lat' dir='ltr'>enirn</span> <span class='ocrx_word' id='word_1_265' title='bbox 1163 3860 1206 3934; x_wconf 85' lang='lat' dir='ltr'>de</span> <span class='ocrx_word' id='word_1_266' title='bbox 1229 3854 1373 3933; x_wconf 82' lang='lat' dir='ltr'>Ecclelia</span> <span class='ocrx_word' id='word_1_267' title='bbox 1393 3850 1458 3937; x_wconf 86' lang='lat' dir='ltr'>Dei</span> <span class='ocrx_word' id='word_1_268' title='bbox 1473 3854 1510 3928; x_wconf 86' lang='lat' dir='ltr'>iu</span> 
     </span>
     <span class='ocr_line' id='line_1_35' title="bbox 460 3953 1511 4052; baseline -0.013 -17"><span class='ocrx_word' id='word_1_269' title='bbox 460 3953 651 4035; x_wconf 74' lang='lat' dir='ltr'>Ecclesiam</span> <span class='ocrx_word' id='word_1_270' title='bbox 670 3962 799 4037; x_wconf 88' lang='lat' dir='ltr'>diaboli</span> <span class='ocrx_word' id='word_1_271' title='bbox 822 3961 990 4039; x_wconf 87' lang='lat' dir='ltr'>tendere?</span> <span class='ocrx_word' id='word_1_272' title='bbox 1006 3959 1063 4036; x_wconf 86' lang='lat' dir='ltr'>De</span> <span class='ocrx_word' id='word_1_273' title='bbox 1078 3958 1195 4041; x_wconf 70' lang='lat' dir='ltr'>eraclo,</span> <span class='ocrx_word' id='word_1_274' title='bbox 1214 3958 1312 4052; x_wconf 83' lang='lat' dir='ltr'>quod</span> <span class='ocrx_word' id='word_1_275' title='bbox 1340 3957 1438 4046; x_wconf 76' lang='lat' dir='ltr'>alraut</span> <span class='ocrx_word' id='word_1_276' title='bbox 1457 4010 1459 4017; x_wconf 74' lang='grc'>,</span> <span class='ocrx_word' id='word_1_277' title='bbox 1475 3958 1511 4029; x_wconf 85' lang='lat' dir='ltr'>in</span> 
     </span>
     <span class='ocr_line' id='line_1_36' title="bbox 464 4049 1514 4160; baseline -0.004 -27"><span class='ocrx_word' id='word_1_278' title='bbox 464 4059 640 4139; x_wconf 83' lang='lat' dir='ltr'>coenum?</span> <span class='ocrx_word' id='word_1_279' title='bbox 656 4058 730 4134; x_wconf 85' lang='lat' dir='ltr'>lllas</span> <span class='ocrx_word' id='word_1_280' title='bbox 757 4085 878 4139; x_wconf 80' lang='lat' dir='ltr'>neauus</span> <span class='ocrx_word' id='word_1_281' title='bbox 892 4109 900 4139; x_wconf 75' lang='grc'>,</span> <span class='ocrx_word' id='word_1_282' title='bbox 915 4087 999 4160; x_wconf 82' lang='lat' dir='ltr'>quas</span> <span class='ocrx_word' id='word_1_283' title='bbox 1022 4063 1064 4131; x_wconf 86' lang='lat' dir='ltr'>ad</span> <span class='ocrx_word' id='word_1_284' title='bbox 1083 4057 1201 4134; x_wconf 87' lang='lat' dir='ltr'>Deum</span> <span class='ocrx_word' id='word_1_285' title='bbox 1217 4054 1383 4149; x_wconf 80' lang='lat' dir='ltr'>extuleris</span> <span class='ocrx_word' id='word_1_286' title='bbox 1417 4049 1514 4146; x_wconf 87' lang='lat' dir='ltr'>poll·</span> 
     </span>
     <span class='ocr_line' id='line_1_37' title="bbox 463 4157 1317 4253; baseline -0.006 -22"><span class='ocrx_word' id='word_1_287' title='bbox 463 4160 617 4239; x_wconf 82' lang='lat' dir='ltr'>modum</span> <span class='ocrx_word' id='word_1_288' title='bbox 645 4157 823 4237; x_wconf 86' lang='lat' dir='ltr'>laudando</span> <span class='ocrx_word' id='word_1_289' title='bbox 840 4159 1205 4253; x_wconf 82' lang='lat' dir='ltr'>hilirioneml&#39;atigare</span> <span class='ocrx_word' id='word_1_290' title='bbox 1227 4212 1247 4244; x_wconf 83' lang='lat'><strong>„</strong></span> <span class='ocrx_word' id='word_1_291' title='bbox 1267 4158 1317 4243; x_wconf 74' lang='lat'>„2²</span> 
     </span>
    </p>

    <p class='ocr_par' dir='ltr' id='par_1_8' title="bbox 462 4248 1715 4455">
     <span class='ocr_line' id='line_1_38' title="bbox 515 4248 1715 4356; baseline -0.008 -25"><span class='ocrx_word' id='word_1_292' title='bbox 515 4261 592 4348; x_wconf 79' lang='lat' dir='ltr'>Cap.</span> <span class='ocrx_word' id='word_1_293' title='bbox 612 4267 669 4332; x_wconf 86' lang='lat'>26.</span> <span class='ocrx_word' id='word_1_294' title='bbox 698 4315 755 4351; x_wconf 83' lang='lat'>,‚,‚</span> <span class='ocrx_word' id='word_1_295' title='bbox 788 4261 862 4339; x_wconf 86' lang='lat' dir='ltr'>Cur</span> <span class='ocrx_word' id='word_1_296' title='bbox 886 4285 974 4356; x_wconf 84' lang='lat' dir='ltr'>ergo</span> <span class='ocrx_word' id='word_1_297' title='bbox 1002 4284 1076 4333; x_wconf 87' lang='lat' dir='ltr'>non</span> <span class='ocrx_word' id='word_1_298' title='bbox 1097 4256 1297 4349; x_wconf 81' lang='lat' dir='ltr'>bujulnrodi</span> <span class='ocrx_word' id='word_1_299' title='bbox 1317 4256 1419 4327; x_wconf 84' lang='lat' dir='ltr'>etiam</span> <span class='ocrx_word' id='word_1_300' title='bbox 1448 4248 1510 4324; x_wconf 82' lang='lat' dir='ltr'>dae.</span> <span class='ocrx_word' id='word_1_301' title='bbox 1534 4257 1715 4323; x_wconf 80' lang='lat' dir='ltr'>Cunadlabo.</span> 
     </span>
     <span class='ocr_line' id='line_1_39' title="bbox 462 4338 1712 4455; baseline -0.006 -25"><span class='ocrx_word' id='word_1_302' title='bbox 462 4359 593 4439; x_wconf 85' lang='lat' dir='ltr'>moniis</span> <span class='ocrx_word' id='word_1_303' title='bbox 618 4360 847 4455; x_wconf 81' lang='lat' dir='ltr'>penetrabiles</span> <span class='ocrx_word' id='word_1_304' title='bbox 881 4362 996 4438; x_wconf 74' lang='lat' dir='ltr'>liant?</span> <span class='ocrx_word' id='word_1_305' title='bbox 1016 4357 1109 4433; x_wconf 76' lang='lat' dir='ltr'>Naue</span> <span class='ocrx_word' id='word_1_306' title='bbox 1131 4360 1165 4429; x_wconf 71' lang='grc' dir='ltr'><strong>ἃ</strong></span> <span class='ocrx_word' id='word_1_307' title='bbox 1194 4356 1401 4444; x_wconf 82' lang='lat' dir='ltr'>exemplum</span> <span class='ocrx_word' id='word_1_308' title='bbox 1427 4355 1514 4425; x_wconf 77' lang='lat' dir='ltr'>acci·</span> <span class='ocrx_word' id='word_1_309' title='bbox 1536 4338 1712 4427; x_wconf 68' lang='lat' dir='ltr'>incommu-</span> 
     </span>
    </p>
   </div>
   <div class='ocr_carea' id='block_1_3' title="bbox 441 4430 1694 4560">
    <p class='ocr_par' dir='ltr' id='par_1_9' title="bbox 441 4430 1694 4560">
     <span class='ocr_line' id='line_1_40' title="bbox 441 4430 1694 4560; baseline -0.014 -22"><span class='ocrx_word' id='word_1_310' title='bbox 441 4468 444 4473; x_wconf 84' lang='lat'>&#39;</span> <span class='ocrx_word' id='word_1_311' title='bbox 465 4456 519 4537; x_wconf 85' lang='lat' dir='ltr'>dit</span> <span class='ocrx_word' id='word_1_312' title='bbox 534 4454 699 4537; x_wconf 81' lang='lat' dir='ltr'>Doueino</span> <span class='ocrx_word' id='word_1_313' title='bbox 723 4462 918 4560; x_wconf 64' lang='lat' dir='ltr'>telieaejus</span> <span class='ocrx_word' id='word_1_314' title='bbox 942 4459 1205 4556; x_wconf 83' lang='lat' dir='ltr'>mulieris‚quae</span> <span class='ocrx_word' id='word_1_315' title='bbox 1223 4454 1399 4531; x_wconf 83' lang='lat' dir='ltr'>theatrum</span> <span class='ocrx_word' id='word_1_316' title='bbox 1414 4452 1518 4533; x_wconf 84' lang='lat' dir='ltr'>adiit,</span> <span class='ocrx_word' id='word_1_317' title='bbox 1677 4430 1694 4473; x_wconf 68' lang='lat'>‘⁸</span> 
     </span>
    </p>
   </div>
   <div class='ocr_carea' id='block_1_4' title="bbox 970 4428 1706 4647">
    <p class='ocr_par' dir='ltr' id='par_1_10' title="bbox 970 4428 1706 4647">
     <span class='ocr_line' id='line_1_41' title="bbox 1535 4428 1706 4546; baseline 0.023 -75"><span class='ocrx_word' id='word_1_318' title='bbox 1535 4428 1615 4546; x_wconf 52' lang='lat' dir='ltr'>pacat</span> <span class='ocrx_word' id='word_1_319' title='bbox 1640 4430 1706 4545; x_wconf 46' lang='grc' dir='ltr'>(Γ</span> 
     </span>
     <span class='ocr_line' id='line_1_42' title="bbox 970 4491 1696 4647; baseline -0.008 -93"><span class='ocrx_word' id='word_1_320' title='bbox 970 4557 994 4635; x_wconf 67' lang='lat' dir='ltr'>S</span> <span class='ocrx_word' id='word_1_321' title='bbox 1019 4580 1043 4647; x_wconf 74' lang='lat'><strong>4</strong></span> <span class='ocrx_word' id='word_1_322' title='bbox 1434 4552 1470 4624; x_wconf 57' lang='grc' dir='ltr'>ἀ</span> <span class='ocrx_word' id='word_1_323' title='bbox 1536 4491 1696 4623; x_wconf 44' lang='lat' dir='ltr'>k{satiatur</span> 
     </span>
    </p>
   </div>
   <div class='ocr_carea' id='block_1_5' title="bbox 1564 4572 1710 4639">
    <p class='ocr_par' dir='ltr' id='par_1_11' title="bbox 1564 4572 1710 4639">
     <span class='ocr_line' id='line_1_43' title="bbox 1564 4572 1710 4639; baseline 0.041 -16"><span class='ocrx_word' id='word_1_324' title='bbox 1564 4572 1710 4639; x_wconf 59' lang='lat' dir='ltr'>coutunt-</span> 
     </span>
    </p>
   </div>
   <div class='ocr_carea' id='block_1_6' title="bbox 0 0 2124 5350">
    <p class='ocr_par' dir='ltr' id='par_1_12' title="bbox 0 0 2124 5350">
     <span class='ocr_line' id='line_1_44' title="bbox 0 0 2124 5350; baseline 0 0"><span class='ocrx_word' id='word_1_325' title='bbox 0 0 2124 5350; x_wconf 95' lang='lat' dir='ltr'> </span> 
     </span>
    </p>
   </div>
  </div>
 </body>
</html>
