4234 5350
664 587 752 694 '466
843 569 1005 675 Tbeul.
1019 573 1139 689 Βόα.
1164 569 1210 667 'de
1223 569 1378 668 morat.
1394 563 1491 667 Lim
1517 565 1594 674 IV.

539 831 543 836 .
664 752 774 830 dode
797 749 917 851 elegit.
932 799 935 804 -
952 747 1143 830 Postremo
1169 748 1272 844 quud
1301 762 1342 825 tu
1370 746 1573 841 vituperas,
1598 749 1728 831 hoeni

580 925 585 938 .
665 851 806 950 plecet,
828 872 937 950 quem
953 848 1085 927 laudae·
1113 845 1183 923 Sed
1195 846 1307 948 quidi
1323 845 1497 927 [nudatio
1507 847 1564 927 illa
1582 875 1658 929 nun
1673 856 1725 930 iu·

520 946 527 956 '
664 953 817 1033 dulcet,
839 952 964 1028 oleum
977 944 1176 1042 peccatoris
1198 947 1260 1023 est·
1281 945 1355 1026 Sed
1372 968 1449 1026 non
1472 945 1578 1026 cellat
1596 952 1727 1030 dicere.

664 1048 756 1132 Non
771 1048 854 1127 inda
875 1051 1078 1147 impinguet
1088 1062 1333 1143 caputtuum3
1355 1049 1390 1125 id
1404 1045 1476 1130 eu.
1494 1049 1569 1125 noll
1590 1056 1727 1149 gaude·

664 1173 706 1231 re
728 1151 774 1229 ud
801 1150 902 1237 talia.
923 1148 998 1227 nuli
1019 1171 1201 1228 annuere·
1223 1144 1298 1224 noll
1313 1146 1533 1230 consentire.
1548 1153 1623 1229 noli
1643 1152 1727 1233 inde

665 1251 836 1352 gratulari
853 1269 866 1341 ς
895 1248 970 1326 &li
988 1248 1044 1326 ille
1063 1246 1183 1330 attulit
1200 1245 1322 1331 oleum
1334 1247 1574 1336 adulationis.
1596 1253 1726 1332 ledea.

666 1368 735 1449 put
758 1364 862 1428 tuum
880 1353 1061 1447 integrum
1089 1346 1238 1433 muniit.
1271 1371 1347 1425 nun
1369 1348 1530 1427 inflatum
1548 1350 1621 1430 eli.
1644 1375 1723 1432 non

666 1455 813 1531 tumuit·
838 1448 875 1526 Si
902 1454 1001 1526 enlm
1026 1447 1187 1528 inflatum
1205 1448 1338 1532 fuerit,
1364 1453 1401 1527 dr
1419 1454 1610 1540 tumuerit,
1635 1451 1723 1533 facit

551 1553 573 1598 ‚a
643 1550 904 1668 ¹putidum&
928 1551 1123 1647 precipitat
1146 1566 1192 1628 te·
1217 1543 1354 1627 Oleum
1375 1566 1495 1631 autem
1522 1558 1723 1650 peccaturie

667 1662 1340 1849 remunerarent.
1369 1739 1541 1838 a„
1570 1747 1722 1834 mr.

669 1847 857 1936 leuundae,
882 1872 945 1949 qu.
971 1869 1130 1937 1150art.
1153 1865 1186 1923 1·
1199 1850 1235 1922 in
1254 1845 1484 1942 respendune
1504 1851 1549 1927 ad
1568 1855 1721 1947 primam

670 1950 925 2046 ubjetlinnem.
953 1950 1019 2045 ,μ’
1040 1947 1202 2034 laudm
1215 1946 1369 2045 aliquem
1388 1948 1556 2045 (inquit)
1577 1956 1723 2029 contin·

703 2053 811 2138 't‚·&
833 2053 948 2137 bene,
970 2052 1008 2126 ἀ
1033 2052 1146 2137 male.
1162 2067 1271 2148 prout
1282 2046 1412 2123 scilicet·
1425 2047 1552 2128 debita
1568 2054 1722 2129 circum·

705 2153 827 2230 antiae,
844 2150 900 2227 uel
923 2148 1126 2236 serrantur.
1140 2152 1196 2227 vel
1209 2148 1536 2246 pretermittuntur.
1567 2149 1603 2227 Si
1619 2153 1722 2231 euim

670 2250 799 2347 aliquia
817 2250 974 2347 aliquem
990 2250 1076 2328 velit
1095 2250 1265 2328 deledare
1280 2243 1460 2326 laudando
1479 2295 1491 2332 ‚
1522 2263 1563 2328 ut
1579 2270 1626 2329 ex
1645 2249 1721 2330 hoc

669 2369 757 2429 euna
783 2349 1011 2429 consolatura
1029 2371 1078 2426 ue
1097 2353 1134 2426 in
1161 2348 1447 2426 tribulationibus
1478 2345 1641 2436 deliniat.¹
1661 2350 1720 2429 rel

666 2453 798 2538 edam.
814 2464 856 2529 ut
874 2453 910 2526 in
932 2451 1035 2527 bonu
1054 2448 1228 2546 proficere
1245 2446 1406 2533 studeat,
1429 2445 1639 2528 aliis-debitia
1650 2452 1720 2530 cir·

666 2548 889 2645 cumllautiis
915 2550 1106 2625 obicientia
1130 2604 1142 2636 .
1168 2550 1358 2646 pertinebit
1379 2545 1454 2625 huc
1473 2548 1518 2627 ad
1548 2553 1718 2629 virtutem

665 2651 842 2729 amicitiae·
877 2645 1035 2726 Pertinet
1057 2665 1177 2727 autem
1202 2649 1248 2727 ad
1286 2644 1550 2737 adulationem.
1576 2647 1602 2727 li
1627 2654 1718 2747 uuir

666 2749 754 2828 velit
776 2749 928 2842 aliquem
946 2747 1109 2839 laudare,
1129 2756 1164 2826 in
1185 2749 1315 2848 quibua
1332 2770 1407 2825 non
1426 2748 1475 2825 est
1495 2747 1718 2837 laudandust

665 2851 752 2953 quia
773 2849 867 2927 lorte
884 2844 1085 2938 mabsam,
1103 2851 1297 2930 secundum
1312 2847 1400 2927 illud
1420 2847 1541 2929 Psalmi
1560 2873 1597 2940 9·
1624 2856 1717 2925 uu.

664 2958 767 3021 datur
784 2948 998 3041 peccatoria
1022 2948 1191 3038 defiderr'is
1210 2961 1323 3020 anime
1337 2949 1431 3034 suae,·
1453 2950 1509 3026 vel
1535 2954 1616 3049 quia
1638 2974 1717 3030 non

662 3031 745 3128 furit
765 3064 880 3138 certa,
903 3049 1097 3129 secuudum
1115 3051 1199 3130 illud
1217 3047 1514 3143 Ecclefiastici27,
1543 3061 1633 3124 Anae
1642 3051 1717 3139 ser.

503 3158 511 3171 “
662 3170 789 3223 munem
808 3174 872 3223 aaa
905 3151 1017 3222 laudae
1042 3155 1165 3227 virum.
1194 3149 1239 3230 Et
1263 3154 1391 3228 iterum
1405 3146 1629 3230 Ecclefialiici
1659 3175 1716 3228 rr·

475 3314 484 3325 ,
592 3347 595 3353 1
661 3251 749 3324 Nun
770 3249 881 3323 laudes
903 3255 1017 3323 virum
1039 3254 1076 3321 in
1093 3248 1198 3346 [pecie
1219 3252 1279 3340 sue
1299 3272 1312 3334 3
1335 3250 1391 3328 vel
1416 3254 1523 3329 etium
1551 3251 1715 3330 detmari

661 3347 791 3449 pullat,
815 3377 859 3430 ne
884 3351 1038 3430 humana
1057 3350 1160 3429 laude
1180 3351 1225 3428 ad
1243 3356 1385 3428 inanem
1404 3351 1557 3449 gloriam
1579 3375 1715 3450 prouo-

660 3468 777 3530 cetur·
817 3451 925 3531 Unde
948 3449 1316 3531 diciturEcclefiastici
1349 3470 1405 3527 ιι.
1424 3461 1515 3524 Ante
1549 3475 1710 3538 martem,

658 3571 701 3622 ere
721 3553 833 3622 lauder
855 3552 1026 3639 hominem.
1056 3550 1223 3629 Similiter
1250 3556 1355 3630 etiam
1377 3552 1465 3629 velle
1484 3553 1624 3651 placere
1643 3551 1713 3630 hu·

657 3651 814 3728 minibus
827 3642 1191 3750 proptetnlaaritatem
1208 3651 1453 3729 nutriendam,
1475 3669 1516 3729 ut
1535 3654 1571 3728 iu
1593 3677 1633 3730 ea
1646 3652 1713 3730 bo·

658 3771 725 3826 mu
742 3750 961 3850 spiritualiter
982 3751 1157 3851 prolicere
1177 3750 1304 3846 pullu,
1322 3751 1495 3850 laudabile
1511 3754 1572 3833 eli·
1592 3752 1710 3850 Quod

656 3864 781 3926 autem
793 3852 916 3949 aliquis
930 3853 1013 3930 uelit
1028 3853 1167 3952 placete
1178 3850 1384 3929 huminibus
1401 3869 1550 3950 propter
1566 3858 1710 3934 inanem

657 3947 834 4046 glutiam.
852 3952 907 4026 vel
927 3967 1076 4048 propter
1087 3953 1225 4029 lucrum
1236 4005 1247 4037 ,
1260 3950 1313 4028 vel
1330 3957 1436 4030 etiam
1452 3954 1594 4032 inmalo
1608 4008 1620 4044 ,
1633 3955 1710 4035 buc

657 4045 743 4125 ellat
757 4068 965 4148 peccatum,
982 4051 1175 4127 secundum
1193 4050 1279 4127 illud
1294 4048 1414 4130 Psalmi
1429 4073 1486 4148 52.
1504 4058 1598 4126 Deus
1619 4056 1709 4151 diffe-

654 4151 754 4245 pavie
771 4145 834 4239 offa
847 4173 957 4223 eurum
970 4205 981 4238 ‚
996 4154 1054 4244 qui
1082 4148 1265 4222 haminibus
1277 4154 1416 4246 placem.
1445 4154 1490 4232 Et
1512 4155 1709 4250 Apostolus

656 4246 747 4324 dicit
762 4250 806 4328 nd
819 4247 959 4330 Galatae
980 4254 1065 4327 1..ἳί
1078 4248 1182 4324 adhuc
1202 4250 1385 4325 huminibus
1394 4254 1554 4349 placerem
1563 4310 1575 4343 ,
1583 4256 1707 4344 ῥῖναι

652 4345 774 4427 curisti
797 4374 858 4422 non
876 4347 967 4442 effem
988 4397 1055 4448 „„.
1748 4443 1750 4446 v

705 4449 855 4527 Adde&
868 4453 953 4531 illud
968 4454 1122 4550 ejusdem
1135 4453 1294 4552 Apostoli
1311 4451 1398 4532 uad
1415 4449 1707 4533 Thellalonicen.

653 4543 705 4626 lea
725 4563 762 4625 Β·
781 4554 838 4625 Ita
862 4553 1051 4649 loquimur,
1067 4577 1130 4629 neu
1142 4552 1231 4651 quafi
1254 4549 1437 4628 hominidei
1453 4560 1615 4652 placentes
1627 4608 1639 4642 ‚
1648 4561 1708 4643 led

1106 4676 1121 4698 ²·
1218 4688 1224 4699 ··
1560 4658 1660 4743 Deo,
