4234 5350
354 441 374 510 Ἰ
621 493 625 498 ’
743 519 823 602 118
919 496 1078 597 Theot
1109 501 1279 612 Dum&
1304 497 1670 608 Mantitour.

745 695 813 751 nec
829 670 1036 748 ferramenta
1058 671 1274 757 domestico,
1290 673 1327 748 dc
1346 675 1490 768 agrestia
1508 671 1587 759 suot
1609 671 1784 762 habenda¹

744 798 792 852 ne
815 777 893 870 quis
911 776 960 848 eis
982 771 1039 846 vel
1056 772 1110 858 se,
1127 772 1181 854 vel
1195 771 1345 854 alterum
1359 776 1559 866 interimam
1582 796 1648 848 nec
1664 777 1784 859 arbor¹

744 891 806 951 aut
831 873 952 958 restis,
973 893 1026 949 ne
1052 867 1187 969 quisse
1217 870 1300 962 iude
1330 871 1536 968 suspendat3
1555 895 1621 948 nec
1647 872 1784 950 senestrr

744 973 903 1050 facienda
932 971 981 1046 est
995 1025 1006 1056 ,
1022 995 1067 1048 ne
1090 995 1150 1068 per
1177 971 1270 1050 hanc
1289 969 1320 1046 se
1343 972 1489 1069 quisque
1508 976 1702 1070 praetipitet
1722 1030 1743 1065 ,‚
1758 1024 1784 1067 „.

648 1077 653 1092 '
744 1074 781 1152 Si
797 1089 915 1147 tamen
943 1068 1049 1147 caedis
1075 1072 1197 1148 auslor
1218 1072 1373 1147 debitam
1400 1073 1617 1168 diligentiam
1640 1097 1714 1148 non
1733 1079 1784 1151 ad·

744 1171 899 1250 hibuerit
919 1171 964 1248 ad
986 1174 1170 1262 uitandum
1197 1170 1454 1261 homicidium,
1478 1190 1539 1250 aut
1561 1195 1708 1271 operam
1733 1173 1784 1249 da.

745 1290 800 1350 ret
813 1273 862 1348 rei
884 1271 1033 1348 illicito,
1052 1295 1135 1350 cunr
1158 1270 1243 1348 illud
1265 1275 1497 1369 perpetravit,
1518 1273 1700 1348 bouricidii
1716 1297 1784 1351 retu

746 1373 823 1454 elit
847 1376 928 1468 quia
955 1396 1031 1451 non
1058 1374 1212 1448 ornnino
1238 1388 1365 1466 praeter
1383 1375 1458 1468 ejus
1476 1372 1697 1464 voluntatem
1711 1398 1784 1451 cen.

745 1471 839 1551 tetur
864 1468 1053 1572 contigisse
1073 1472 1227 1556 malum,
1248 1471 1349 1566 quod
1367 1495 1491 1549 cavere
1505 1489 1656 1567 poterat.

797 1569 849 1650 lta
869 1571 979 1650 docet
1003 1569 1156 1651 Concilii
1175 1570 1377 1663 Tridentini
1400 1571 1643 1667 Catechismus
1667 1574 1784 1671 posis

746 1668 1000 1764 Tianorum·
1029 1696 1091 1768 qu.
1108 1668 1169 1774 64·
1191 1683 1303 1763 art·8.
1330 1674 1432 1764 cuius
1455 1673 1532 1750 haec
1560 1672 1641 1750 sunt
1665 1675 1784 1751 uerba:

744 1827 805 1863 Μ,
831 1770 908 1875 Qui
931 1797 1007 1848 non
1026 1790 1188 1849 removet
1206 1796 1266 1849 ea,
1281 1795 1329 1865 ert
1350 1777 1483 1874 quihus,
1503 1772 1656 1869 sequitur
1678 1772 1784 1858 homi·

747 1872 883 1954 cidium
901 1871 950 1955 ,fi
976 1872 1102 1949 debeat
1123 1894 1329 1962 remouere,
1353 1877 1419 1950 erit
1435 1872 1710 1971 quodammodo
1730 1872 1784 1948 lio

748 1973 934 2049 micidiurn
955 1972 1208 2052 voluntarium·
1233 1968 1318 2049 Hoc
1342 1993 1462 2059 autem
1484 1975 1663 2072 contingit
1681 1971 1784 2066 dupli·

749 2076 862 2164 citer3
890 2095 966 2153 uuo
992 2072 1128 2157 modo.
1154 2071 1302 2170 quando
1331 2071 1419 2149 dans
1438 2097 1584 2168 operam
1607 2074 1710 2149 rebus
1733 2072 1784 2147 illi·

748 2174 848 2255 citit.
863 2194 948 2268 quar
968 2173 1258 2255 vitaredebebat‚
1279 2173 1516 2255 homicidium
1536 2175 1694 2258 incurrit.
1721 2172 1784 2248 rllit

749 2273 866 2349 modo
892 2274 1039 2369 quoodo
1074 2295 1150 2349 non
1173 2271 1317 2353 adhibet
1340 2275 1497 2356 debitam
1528 2271 1784 2362 solicitudinem

660 2451 666 2470 ,
752 2370 796 2449 Et
826 2371 930 2450 ideo.
951 2369 1144 2460 secundum
1175 2374 1272 2467 jura,
1304 2370 1474 2467 staliquis
1497 2373 1559 2449 det
1581 2396 1727 2465 operam
1752 2397 1784 2448 re

705 2491 708 2500 ·
749 2471 877 2560 licitae,
898 2472 1054 2548 debitam
1076 2472 1294 2568 diligentiam
1314 2474 1506 2558 adhibens,
1527 2475 1561 2545 dt
1579 2495 1626 2547 ex
1647 2470 1719 2551 hoc
1733 2471 1784 2548 ho

752 2573 938 2648 micidium
967 2570 1151 2668 sequatur,
1180 2597 1254 2648 non
1274 2575 1423 2667 incurrit
1444 2572 1630 2658 homicidii
1653 2590 1784 2648 reatum

752 2671 790 2749 Si
809 2695 895 2753 vero
917 2671 977 2749 det
1004 2690 1151 2769 operum
1174 2676 1225 2748 rei
1245 2671 1392 2757 illicito,
1412 2673 1467 2747 vel
1497 2673 1602 2746 etiam
1627 2669 1690 2746 det
1715 2695 1784 2769 opt

753 2794 829 2850 rain
855 2775 903 2847 tei
938 2772 1043 2864 licitae
1069 2797 1143 2851 non
1172 2771 1341 2861 adhibens
1367 2770 1585 2867 diligentiam
1621 2769 1778 2850 debitam

754 2894 830 2947 nou
853 2871 970 2955 evadit
991 2872 1177 2950 homicidii
1195 2887 1331 2966 reatum
1344 2869 1395 2950 ‚fi
1415 2895 1461 2948 ex
1482 2872 1556 2965 ejus
1578 2892 1784 2968 operamur

620 3066 626 3084 1
753 2970 910 3049 hominis
939 2972 1102 3069 sequatur
1127 3025 1197 3062 „„.

808 3068 849 3148 dt
866 3076 901 3164 in
913 3071 1138 3169 responsione
1149 3072 1193 3147 ad
1206 3069 1393 3147 secundam
1406 3073 1668 3166 uoletiionemt
1687 3123 1730 3158 „‚,
1744 3066 1784 3143 ΙΙΙ

753 3173 917 3277 (inquit)
938 3176 997 3267 qui
1011 3175 1164 3268 percutit
1178 3171 1358 3258 mulierem
1370 3188 1634 3266 praegnantem,
1650 3168 1784 3263 datopr

754 3294 829 3350 tarn
856 3278 904 3350 rei
937 3273 1064 3350 illicitae
1083 3291 1095 3361 3
1116 3272 1152 3347 δι
1172 3271 1254 3347 ideo
1275 3269 1299 3346 si
1324 3270 1487 3366 sequatur
1515 3292 1633 3347 mors,
1652 3268 1707 3343 vel
1727 3293 1784 3346 mu

754 3372 867 3452 lteris,
891 3374 946 3450 vel
969 3375 1068 3466 pueri
1089 3374 1256 3449 animati.
1279 3393 1356 3445 non
1375 3369 1522 3459 effugiet
1539 3369 1723 3447 homicidii
1740 3373 1784 3444 cri

645 3484 655 3505 ⁴
755 3495 864 3556 men.
885 3476 1061 3569 praecipue
1088 3494 1173 3549 cum
1192 3494 1238 3546 ex
1257 3471 1316 3548 tali
1335 3468 1556 3567 perculsione
1573 3472 1609 3545 in
1634 3485 1782 3566 prompt

756 3570 820 3652 lit.
848 3572 947 3665 quod
970 3596 1067 3649 mors
1092 3571 1254 3667 sequatur
1283 3626 1306 3660 „
1322 3619 1358 3656 „.

805 3667 894 3747 Haec
917 3680 948 3747 S.
966 3672 1084 3744 Tium.
1105 3671 1143 3754 dt
1168 3668 1378 3749 Catechil'rui
1406 3665 1560 3749 Concilii
1581 3665 1739 3745 doslrina
1755 3675 1784 3744 ni

757 3772 844 3848 titur
872 3770 1021 3862 Canune
1049 3775 1101 3842 Hi
1129 3777 1187 3865 qui
1211 3766 1369 3852 arbores,
1393 3790 1441 3847 ex
1468 3765 1636 3863 Concilio
1654 3765 1784 3843 Vorma

757 3868 880 3968 tituli,
907 3870 1057 3950 Conone
1082 3876 1166 3963 Saepe
1186 3872 1380 3962 contingit,
1408 3890 1454 3943 ex
1488 3867 1657 3947 Concilio
1678 3865 1784 3946 Tribu

758 3967 878 4056 riensi.
900 3970 1166 4049 &Cannuesi
1188 3974 1249 4038 duo
1265 3966 1414 4059 fratres,
1434 3970 1469 4042 in
1492 3968 1704 4045 colledione
1721 3972 1784 4037 Gra

759 4074 876 4149 tiam,
907 4071 980 4155 dist.
1007 4092 1065 4153 50·
1088 4074 1173 4144 item
1199 4094 1245 4146 ex
1268 4094 1345 4166 cap.
1387 4065 1559 4143 strictius,
1591 4070 1727 4160 &cap
1756 4069 1783 4137 Ε

758 4168 890 4257 literis,
908 4194 987 4269 quaa
1012 4172 1091 4271 sunt
1116 4172 1223 4244 Innut.
1240 4174 1309 4243 Ill.
1333 4169 1513 4266 responsa,
1536 4170 1571 4244 ἃ
1592 4190 1670 4261 cap.
1695 4166 1784 4255 ,7⁰⁰1

758 4292 839 4344 ner,
860 4270 961 4367 quod
985 4271 1033 4346 est
1056 4270 1278 4349 Hutmrr'iIsI.
1307 4270 1385 4349 Ext
1421 4275 1472 4341 sle
1494 4271 1695 4341 Homicidia.
1720 4263 1784 4343 Hae

628 4402 633 4410 ·
758 4371 853 4446 enirn
877 4376 1032 4468 probunt
1049 4396 1134 4455 eoa.
1157 4378 1218 4471 qui
1237 4376 1359 4449 dantes
1379 4394 1525 4469 operam
1550 4369 1599 4442 rei
1621 4367 1750 4448 licitae,
1772 4374 1784 4441 t

757 4468 875 4549 debita
903 4474 1083 4573 diligentia
1104 4471 1280 4562 adhibita,
1300 4471 1495 4553 huminem
1512 4470 1685 4646 sortutittg
1711 4490 1784 4646 ope.

773 4608 777 4621 ·
1690 4593 1736 4647 un
1766 4623 1780 4657 .
