4234 5350
570 525 643 617 De
669 515 1014 639 sextoveealogl
1037 531 1261 648 precepta:
1378 549 1461 642 271

413 698 542 780 melius
572 699 780 798 quicunque
811 697 983 786 rusticus,
1008 699 1065 777 vel
1093 721 1319 800 quacunque
1338 702 1467 786 mulier

414 801 611 882 rusticana,
634 815 771 893 quanto
797 797 914 874 utilius
936 814 1104 892 poterat.
1129 800 1167 876 aa
1190 799 1392 908 l'ymbqlum
1412 801 1469 880 di-

413 902 532 979 scere,
552 901 588 975 aa
612 892 827 976 Orationem
856 898 1110 982 dominicam,
1138 899 1175 976 ἃ
1208 898 1340 996 aliquas
1368 900 1471 996 liuti-¹

415 997 576 1102 phonas,
597 997 633 1073 aa
657 994 832 1072 Pl'almum
855 998 1214 1096 quinquagesimum,
1231 999 1287 1076 vel
1302 1023 1470 1100 nonage-

416 1101 544 1178 fimum
566 1098 602 1172 ἃ
629 1099 774 1193 parare,
790 1097 826 1169 dr
851 1112 970 1173 tenere
988 1152 999 1186 ,
1020 1099 1056 1175 dr
1079 1097 1297 1196 frequentius
1321 1102 1467 1192 dicere.

416 1203 513 1280 unde
534 1201 688 1275 animam
709 1196 829 1281 luam,
847 1197 883 1268 ἃ
911 1195 994 1274 Deo
1021 1199 1271 1296 conjungere,
1292 1200 1329 1278 ἃ
1350 1225 1369 1278 a
1394 1201 1471 1280 dta-

418 1302 506 1377 bdlu
528 1301 672 1374 liberare
698 1290 823 1392 pollet·
849 1292 944 1372 Nam
962 1300 1155 1396 quomodo
1186 1301 1323 1378 cantica
1349 1305 1466 1397 turpia

417 1404 455 1477 ln
473 1403 632 1474 tenebras
659 1396 790 1471 diaboli
811 1397 961 1474 mittunt
979 1452 991 1487 ,
1012 1396 1062 1474 irc
1080 1399 1215 1476 cantica
1232 1398 1345 1480 nstra
1363 1400 1470 1480 cbri-

417 1505 458 1580 lii
474 1494 807 1602 lumennostendunt
827 1547 850 1588 .„
866 1534 903 1587 „a

463 1597 711 1676 Poenirentiale
730 1595 936 1672 Romanum
952 1611 1099 1694 repca.
1122 1617 1267 1694 grauem
1289 1599 1470 1695 poeniten.

416 1696 502 1778 tiam
533 1701 690 1793 imponit
709 1698 770 1781 iia,
798 1699 861 1792 qui
885 1717 947 1792 per
978 1699 1268 1796 turpiloquium,
1297 1697 1353 1775 uel
1373 1696 1470 1792 alpe·

416 1797 515 1878 dum
550 1799 635 1873 coin
664 1797 840 1877 uinantur.
884 1849 906 1887 „
929 1849 952 1888 ,‚
983 1794 1069 1888 Qut
1111 1819 1174 1896 per
1204 1797 1467 1896 turpiloquium

416 1898 577 1994 (inquit)
609 1820 664 1972 νεἹ
691 1893 867 1991 alpedani
893 1898 1145 1993 coinquinatus
1167 1897 1234 1984 est,
1251 1913 1370 1975 tamen
1392 1917 1471 1980 uon
1606 1929 1610 1936 ·
1657 1903 1667 1938 ·“

417 2000 536 2077 voluit
552 2013 698 2094 peccate
716 1992 970 2091 corporaliter,
986 2000 1018 2070 ri
1047 1996 1113 2074 inti
1125 1995 1199 2075 dies
1212 2002 1388 2095 poeniteat
1399 2041 1473 2092 Μ.

462 2095 573 2176 'Hanc
592 2095 747 2192 denique
764 2091 938 2191 Regulam
955 2019 1145 2174 couffitmat
1159 2099 1194 2181 S,
1212 2101 1420 2185 Aaronem,
1431 2093 1472 2176 P.

421 2205 570 2286 attins.
584 2216 663 2293 cap·
680 2216 710 2276 r.
724 2198 759 2285 §·
773 2186 806 2271 8.
827 2248 884 2287 „„
905 2191 1005 2273 Nulli
1026 2187 1197 2291 (inquit)
1216 2197 1366 2276 dubium
1389 2197 1472 2288 estu

420 2297 615 2396 quod,qui
632 2295 719 2372 dicit
733 2297 837 2370 ierba
856 2295 1036 2390 turpia,&
1055 2293 1180 2374 lalcira
1194 2351 1205 2381 ,
1218 2295 1285 2377 hac
1298 2299 1474 2376 intentio·

419 2417 492 2492 ne3
515 2413 554 2472 ut
577 2394 612 2472 le
631 2391 687 2470 vel
711 2392 820 2470 alium
842 2411 1019 2491 provocet
1041 2395 1086 2472 ad
1111 2395 1286 2475 luxuriam
1310 2453 1322 2486 ,
1348 2395 1405 2475 vel
1427 2393 1472 2478 =sa

420 2512 544 2576 mente
566 2493 759 2572 deleiiandi
780 2497 816 2569 in
845 2493 1030 2571 locutione
1051 2541 1064 2581 ,
1084 2496 1121 2572 dt
1148 2500 1369 2594 cogitatione
1395 2511 1473 2575 tur·

420 2602 523 2697 pium
543 2610 641 2672 extra
667 2595 1166 2672 matrimoniumsmortaliter
1188 2613 1324 2690 peccat.
1340 2650 1375 2683 ..
1400 2589 1473 2679 Sed

423 2701 484 2779 ubi
508 2697 588 2774 talia
608 2696 712 2772 rerba
740 2695 856 2789 turpia
882 2693 1051 2772 dicuntur
1074 2718 1121 2773 ex
1152 2698 1305 2793 quadam
1329 2696 1473 2777 levitate

420 2801 470 2875 ad
490 2794 650 2873 solatium
663 2794 683 2887 (
695 2797 730 2863 id
747 2791 790 2869 en
799 2793 938 2887 jocali)
957 2799 1119 2891 quamvis
1131 2796 1175 2872 de
1186 2796 1219 2872 le
1243 2820 1318 2873 non
1330 2798 1474 2875 uidean-

422 2913 481 2975 tur
505 2896 687 2979 mortalia,
702 2897 784 2993 quia
806 2909 949 2987 peecata
966 2899 1070 2979 oris.
1099 2894 1293 2973 secundum
1318 2896 1352 2972 S.
1369 2894 1475 2977 Tho,

424 3019 539 3074 mam,
555 3000 774 3092 permaxime
795 2996 998 3088 judicantur
1009 3039 1016 3067 t
1029 2996 1151 3091 quoad
1164 2999 1372 3089 gravitatem
1390 3018 1475 3092 pec·

423 3102 493 3175 cati
505 3118 551 3172 ex
570 3096 768 3170 intentione
779 3092 1016 3192 proferentis3
1039 3108 1186 3190 propter
1205 3096 1306 3193 quod
1337 3096 1423 3172 dicit
1436 3096 1475 3175 S·

423 3196 640 3293 Augustinus
687 3201 788 3289 quod
812 3216 907 3267 ream
939 3194 1097 3288 linguam
1119 3218 1194 3269 non
1231 3195 1313 3271 i'acit
1337 3194 1397 3269 rriss
1415 3216 1475 3275 rea

425 3321 526 3374 mens
546 3321 557 3387 ;
575 3311 694 3372 tamm
718 3316 779 3388 per
800 3296 963 3368 accidens
985 3291 1098 3388 pollet
1115 3290 1181 3370 elle
1199 3293 1348 3370 mortale
1366 3298 1476 3371 ratio·

424 3421 471 3473 ne
492 3394 640 3473 l'caudali
657 3448 668 3480 ,
684 3396 739 3469 leu
759 3395 868 3467 ruinae
891 3395 971 3466 inde
986 3393 1159 3489 sequentis
1180 3397 1214 3467 in
1228 3410 1349 3469 mente
1366 3394 1477 3471 alicu·

425 3495 503 3593 jus,
520 3509 560 3571 ut
579 3516 660 3571 cunr
677 3493 859 3568 audientes
884 3491 962 3567 lunt
983 3493 1113 3568 debiles
1137 3489 1361 3587 spiritumve
1378 3488 1478 3580 infir·

423 3601 483 3682 tui,
499 3594 535 3671 dt
550 3595 653 3669 rerba
665 3589 772 3669 ellent
784 3594 936 3667 multum
949 3592 1080 3667 lal'ciua·
1097 3589 1195 3669 Idem
1210 3590 1346 3669 videtur
1357 3592 1478 3671 dicen·

427 3694 515 3775 duni
528 3693 573 3768 de
595 3692 819 3776 facientibus,
836 3691 893 3767 vel
905 3696 1127 3768 cantantibus
1149 3695 1337 3768 cantilenas
1356 3693 1476 3790 planat

426 3793 659 3877 lasciviistled
679 3792 858 3869 audientes
882 3791 1028 3869 libenter
1049 3794 1147 3869 talia,
1173 3815 1246 3867 non
1263 3809 1400 3869 tantum
1427 3814 1475 3873 ex

429 3895 582 3995 quadam
600 3892 740 3969 levitate
752 3947 761 3978 ,
774 3894 810 3968 aa
830 3890 1056 3969 l'olatiovano
1069 3890 1262 3979 ,sedetiam
1276 3892 1477 3970 deleilatio·

346 4046 349 4053 ·
428 3997 512 4074 nem
535 3996 758 4070 deliberatam
794 3996 828 4067 in
856 3994 915 4069 tali
952 3996 1093 4069 materia
1121 3993 1237 4069 audita
1258 4014 1476 4087 quarentes,

428 4120 506 4174 noo
531 4094 695 4171 ridentur
719 4089 817 4186 polle
843 4090 1037 4170 excusatio
1064 4093 1229 4176 mortali,
1248 4091 1339 4170 licut
1364 4115 1429 4167 nec
1454 4114 1475 4171 a

427 4193 665 4274 delatiatione
696 4191 836 4269 morosa
857 4194 970 4288 turpis
986 4194 1239 4288 cogitationis,
1254 4213 1336 4268 cum
1354 4213 1479 4268 exau·
1622 4284 1628 4293 ι

431 4300 512 4373 ditu
535 4295 720 4392 sequantur
732 4292 829 4377 talia,
844 4296 1018 4391 precipue
1038 4295 1215 4366 mentibus
1230 4290 1473 4385 infirmorum,

429 4394 496 4475 nili
528 4394 621 4468 lorte
646 4391 719 4469 boc
739 4391 834 4469 foret
850 4397 939 4470 inter
957 4394 1141 4493 conjuges.
1168 4390 1204 4466 Si
1219 4414 1308 4487 ergo
1334 4396 1479 4467 coutin-

426 4513 493 4605 gat
518 4511 643 4591 prater
667 4493 911 4606 intentionem
928 4491 1007 4610 talia
1026 4492 1158 4582 audiri,
1182 4491 1289 4577 uitare
1314 4488 1447 4570 debent
1459 4538 1475 4611 f

488 4592 587 4671 Tum.
613 4592 691 4680 tx,
850 4598 854 4613 ’
967 4592 992 4670 b
1374 4587 1432 4671 tel
1540 4648 1546 4683 =.

1495 4806 1533 4887 ὀ
