4234 5350
561 521 634 615 De
663 520 811 638 quintu
834 487 1040 636 Decalogi
1063 499 1288 656 praeuepto'i
1393 523 1487 658 '²³⁹ss

421 691 643 802 puldrorum.
686 695 946 773 Verumtamen
972 708 1150 784 caveant„
1171 695 1273 802 quod
1299 687 1477 774 Mediola-

421 800 520 877 nenli
542 796 708 874 Concilio
722 803 752 870 1.
776 797 1021 892 prohibitum,
1042 797 1080 872 dr
1101 799 1137 888 in
1158 793 1298 872 easdem
1320 801 1352 872 S.
1365 797 1477 868 Caroli
1492 786 1521 881 S·
1534 783 1656 854 cmlv

421 897 665 978 rniuumonee
694 895 941 988 transcriptum
964 893 1037 976 est:
1067 949 1125 988 „„
1164 893 1224 972 Ne
1256 917 1476 996 quemquam
1492 863 1669 1008 muz·

421 1000 660 1082 nominatim,
674 1015 736 1073 aut
752 999 857 1071 tacite
870 995 968 1072 illum
984 993 1227 1090 delignautea‚
1243 994 1474 1092 infestantum

423 1124 471 1176 ne
496 1103 533 1174 in
561 1099 732 1192 ordinem
755 1095 896 1176 ullum,
924 1094 1080 1180 statum.
1110 1111 1171 1172 aut
1195 1097 1275 1172 viee
1297 1120 1412 1192 genus
1429 1099 1477 1174 ab·

422 1197 574 1278 Ecclefiu
599 1209 786 1291 receptum
808 1191 1030 1276 invehantur.
1058 1191 1118 1272 Ne
1139 1191 1353 1292 Episcopus,
1373 1193 1474 1274 altor

422 1323 467 1375 ve
488 1297 676 1380 Praelatos,
696 1320 785 1371 neve
808 1294 926 1370 civiles
950 1293 1204 1410 Magistrag'ua,
1226 1319 1311 1376 cum
1331 1298 1474 1377 audito-

423 1410 505 1477 'runr
528 1395 728 1474 offensione
753 1393 903 1491 asperius
934 1397 1129 1492 objurgent
1151 1447 1163 1484 ,
1187 1395 1244 1473 sed
1274 1401 1331 1494 pie
1351 1401 1473 1496 potiut
1619 1443 1622 1452 ·

422 1503 664 1579 admoneant,
685 1495 934 1593 populumque
954 1493 1110 1572 doceant
1126 1495 1320 1593 praepofitiu
1340 1499 1405 1576 iuis
1421 1513 1474 1576 et·

422 1604 493 1678 iam
513 1598 655 1674 discolis
674 1597 833 1676 obedire.
849 1633 880 1668 ι.
909 1589 1086 1678 Ne‚cum
1103 1595 1478 1694 reprehenderitCon·

422 1705 615 1784 eionatoii
637 1711 712 1770 nun
726 1697 936 1779 hominum,
953 1691 1012 1771 led
1026 1712 1257 1792 peccatorum
1275 1697 1386 1786 odio,
1402 1699 1480 1802 imo

425 1803 585 1896 pietatis,
605 1797 642 1870 de
667 1793 845 1871 charitatis
870 1794 988 1871 liudio
1012 1795 1138 1874 nunus
1165 1795 1280 1878 faciat.
1308 1793 1367 1874 Ne
1389 1799 1481 1876 ritiiu

424 1898 656 2079 §fflgstln‘lsss
673 1895 778 2070 otiari:³
790 1896 1099 2069 luregrftertiratur,
1113 1895 1345 2014 encaudelcat
1354 1900 1482 2074 snimrim

464 2022 541 2072 em
558 2019 669 2073 unua
693 2020 736 2070 ve
779 2019 797 2070 a
843 2018 857 2068 r
899 2017 953 2070 era
988 2019 1119 2072 ‚neve
1146 2021 1156 2072 ι
1187 2017 1352 2074 nummio
1366 2021 1396 2074 a.
1462 2021 1483 2076 e

426 2020 768 2178 oueretlationuus,
791 2017 871 2190 qlae
889 2093 1082 2194 aliquando
1106 2021 1219 2184 liurlt,
1240 2099 1278 2174 de
1299 2099 1482 2192 querimo-

428 2202 496 2274 niis
517 2199 562 2271 de
587 2195 750 2292 luggeliu
774 2193 983 2302 respondeat
1006 2233 1039 2266 e·
1067 2193 1127 2272 Ne
1147 2219 1248 2274 auree
1278 2195 1378 2274 facile
1392 2220 1481 2295 pra-
1565 2221 1587 2246 ·’

427 2299 510 2373 beat
528 2293 640 2373 Laicis
661 2295 885 2382 clericorum
910 2295 993 2371 vitae
1007 2295 1294 2382 detrahentibus.
1312 2313 1374 2375 aut
1397 2301 1483 2373 ciui·

430 2401 511 2475 tatis
534 2393 993 2480 Redorum,i’raei1dumve
1015 2395 1158 2496 culpam
1177 2397 1330 2495 aliquam
1351 2397 1486 2474 calum·

429 2496 835 2588 ulantibus31edournia
854 2510 936 2571 ante
952 2495 1159 2592 diligenter,
1178 2498 1311 2597 diuque
1332 2519 1485 2600 perpen-

428 2597 513 2688 dat.
536 2620 646 2699 quam
666 2596 711 2675 ad
727 2593 1045 2707 gepreuemonem
1062 2597 1248 2677 descendat
1268 2653 1291 2693 „
1304 2653 1343 2693 „0

713 2775 748 2857 R
781 2774 809 2855 E
835 2772 870 2854 G
895 2774 932 2856 U
958 2776 989 2859 L
1017 2784 1047 2859 ll
1096 2777 1140 2861 X
1153 2776 1208 2861 X.

425 2935 552 3018 Omne
567 2978 578 3014 2
596 2935 696 3033 quod
720 2934 792 3011 lieri
808 2938 945 3031 potest,
962 2938 1017 3014 vel
1033 2962 1107 3015 non
1133 2938 1225 3026 lieri,
1248 2939 1336 3019 salva
1353 2941 1480 3039 triplici

478 3042 658 3120 veritate,
687 3036 856 3112 dotirinae
881 3038 1033 3115 scilicet,
1057 3043 1165 3122 vitm,
1191 3044 1228 3117 de
1250 3044 1409 3137 justitiae,
1429 3046 1481 3122 di.

477 3141 571 3216 mitti
596 3139 700 3213 debet
713 3140 763 3214 ob
786 3138 971 3215 vitandum
992 3137 1192 3217 scandalum
1209 3140 1430 3238 pulillorum.

504 3295 607 3392 egula
628 3296 707 3371 ella
731 3294 931 3392 Theologis
953 3312 1093 3390 recepta
1107 3296 1169 3374 ‚de
1191 3296 1253 3375 sub
1278 3300 1426 3374 nomine
1442 3302 1477 3373 S.

525 3399 721 3485 Hieronymi
744 3397 874 3473 laudari
898 3397 1018 3482 inlita,
1041 3419 1126 3473 cum
1149 3414 1269 3476 tamen
1289 3396 1377 3477 illius
1399 3423 1477 3475 non

427 3498 482 3577 lit·
507 3495 665 3574 Habetur
688 3519 807 3574 autem
833 3501 868 3571 in
895 3490 1015 3573 Glullu
1038 3497 1180 3568 Nicone·
1203 3504 1242 3567 de
1265 3503 1380 3587 Lyre,
1401 3498 1477 3575 abs·

428 3621 502 3695 que
532 3603 563 3670 S.
585 3601 783 3688 Hieronymi
811 3595 969 3673 nomine·
1006 3597 1077 3673 Sed
1105 3596 1232 3691 triplex
1262 3600 1317 3675 illa
1348 3603 1477 3695 veritae

427 3721 613 3795 nunquam
647 3696 855 3775 dimittenda
891 3696 940 3771 est
964 3716 1112 3794 propter
1141 3698 1342 3777 scandalum
1375 3698 1476 3795 parii,-

428 3822 541 3884 vum,
562 3798 630 3872 sive
652 3822 696 3872 ne
713 3799 799 3876 alius
818 3810 951 3888 peccet.
977 3794 1169 3874 Rationem
1188 3798 1290 3876 affert
1307 3808 1339 3872 S.
1353 3798 1471 3885 Tuaen,

427 3901 466 3976 in
485 3917 520 3990 4
538 3903 777 3969 Sententiarum
798 3895 875 3975 dut.
888 3909 946 3985 38·
966 3922 1003 3994 q.
1017 3918 1050 3971 2·
1073 3915 1138 3975 art
1151 3912 1187 3991 4·
1212 3954 1233 3991 „
1246 3956 1267 3991 „
1296 3899 1390 3979 Cum
1406 3900 1476 3977 ho·

426 4020 494 4075 mo
514 3998 678 4093 (inquit)
697 4023 742 4074 ex
764 3997 890 4074 ordine
907 3998 1085 4074 charitatis
1102 3998 1134 4074 l'e
1155 3999 1232 4096 plus
1246 4046 1255 4078 a
1270 4025 1377 4094 quom
1392 4024 1478 4107 pro!-

428 4103 570 4179 ximum
588 4102 623 4173 in
639 4099 868 4193 spiritualibus
880 4100 984 4173 bunia
1008 4097 1152 4196 deligere
1168 4114 1349 4189 teneatur,
1373 4100 1474 4177 nullo

427 4199 546 4278 modo
572 4200 697 4295 aliquis
725 4222 869 4294 peccare
898 4195 1027 4285 debet,
1057 4216 1097 4276 ut
1119 4219 1305 4288 peccatum
1331 4199 1473 4278 alterius

427 4301 531 4375 vitet·
556 4298 777 4396 Quicunque
788 4314 906 4375 autern
928 4301 1109 4374 veritatem
1130 4300 1316 4397 relinquit,
1337 4317 1475 4398 peccat·

426 4395 568 4475 Veritas
591 4416 732 4485 autem,
753 4394 798 4474 de
818 4421 888 4495 qua
908 4396 1116 4495 loquimur,
1140 4400 1296 4476 consulit
1320 4405 1355 4475 in
1379 4401 1473 4489 lroc.

426 4498 532 4599 quod
550 4497 665 4575 honio
686 4503 721 4575 in
739 4500 857 4586 ditiis.
875 4498 911 4576 dt
931 4496 1025 4574 raetis
1040 4495 1105 4576 luis
1118 4499 1315 4580 rectitudini
1329 4501 1476 4591 divinae.

483 4596 579 4675 Tum.
608 4600 685 4676 IX.
971 4594 1020 4691 Q
1370 4596 1430 4677 seu
