4234 5350
483 619 486 624 -
547 559 654 654 ue
684 553 801 650 sexto
828 491 1031 675 nemags
1055 559 1279 679 praepa:
1383 573 1469 672 m
1538 607 1547 622 ·

419 757 452 814 ι.
468 728 722 829 coufeffianam.
736 754 814 826 cap.
829 747 982 821 ancum
1004 734 1145 810 interim
1166 747 1322 827 mortem
1336 735 1465 814 rislum

414 835 508 922 suae,
527 857 606 932 quae
627 831 732 911 fiebat
756 855 831 907 nou
855 832 1008 908 amando
1028 829 1175 921 Deum,
1192 834 1337 909 minime
1357 832 1476 910 dellao·

414 953 481 1013 tet·
506 933 656 1028 Quanto
678 934 789 1030 magis
806 931 951 1028 lugendi
977 934 1079 1018 sunt,
1098 934 1160 1034 qui
1174 932 1282 1009 libros
1305 934 1463 1026 imponi.

416 1030 1464 1128 mmmwmmmfflwfflwfflmm

417 1151 475 1213 t'os
496 1138 691 1210 amantium
703 1131 797 1208 casus
820 1131 1052 1208 describentes
1069 1188 1079 1217 ,
1096 1132 1276 1230 cordaque
1291 1143 1408 1208 tenera
1419 1125 1469 1210 ad

418 1255 577 1334 amorem
600 1232 789 1332 profanum
814 1231 1033 1309 emollientes
1048 1231 1236 1320 ,inlucem
1259 1229 1465 1316 eruntne!

417 1333 561 1432 legunt.
576 1332 681 1410 dulce
705 1353 882 1408 uenenum
903 1335 1134 1433 propinantes
1156 1331 1228 1409 aliis
1244 1330 1322 1410 ‚vel
1345 1328 1470 1408 biben-

419 1433 653 1512 telesntica
665 1430 899 1508 canticorum
913 1473 924 1507 2
937 1427 1230 1531 noyuntosue,
1241 1432 1278 1507 ἀ
1296 1427 1468 1528 judicum

418 1531 528 1613 libros
541 1556 584 1612 ‚a
606 1532 798 1608 carnalibus
812 1583 822 1618 ,
835 1533 872 1605 &
889 1533 1090 1626 iunioribus
1105 1586 1115 1620 ,
1133 1532 1203 1629 legi
1228 1549 1359 1607 veteres
1382 1553 1469 1629 pro·

417 1633 609 1714 bibebantt
630 1634 691 1702 Ne
714 1636 789 1701 dum
802 1651 856 1700 ers
865 1633 1090 1726 spiritualiter
1114 1636 1255 1721 seiciunt
1267 1675 1276 1705 t
1289 1628 1439 1702 libidinis
1454 1674 1468 1713 e

415 1756 454 1805 ae
487 1735 696 1824 voluptatum
732 1734 945 1804 incitamento
967 1730 1148 1817 solventur.
1186 1727 1303 1808 verbu
1330 1729 1409 1810 lunt
1435 1734 1470 1802 S·

380 1862 383 1866 ’
419 1835 564 1906 Leandri
579 1827 785 1929 Hispalensis
802 1828 985 1928 Episcopi,
1003 1836 1039 1909 iu
1051 1826 1187 1930 Regula
1199 1887 1209 1919 ,
1223 1830 1280 1908 seu
1301 1832 1391 1929 libro
1415 1833 1471 1902 De

420 1931 628 2011 Institutione
644 1931 817 2023 Virginem
828 1933 870 2006 ad
890 1934 1111 2003 florentinam
1132 1931 1313 2019 sororem,
1338 1953 1416 2028 cap·
1429 1951 1469 2024 7*

420 2033 575 2130 Qranto
587 2032 699 2128 magis
723 2030 913 2126 periculosa
941 2032 1114 2111 censenda
1132 2032 1183 2109 ell
1205 2053 1334 2108 eorum
1358 2031 1471 2110 libro·

414 2153 500 2220 turn
518 2133 716 2227 letlio,qul
740 2130 908 2225 profanos
924 2156 1062 2210 amores
1079 2153 1163 2210 cum
1185 2132 1410 2209 describunt,
1429 2131 1469 2208 &t

420 2238 617 2311 amantium
646 2229 853 2328 colloquia,
880 2230 1032 2309 literulas
1056 2246 1197 2319 sactes,
1225 2229 1390 2326 milleque
1413 2255 1473 2309 ca·

422 2332 478 2411 sua
503 2325 683 2408 intricatos
704 2330 885 2408 referunt,
902 2337 938 2407 iu
959 2334 1108 2417 teneris,
1125 2333 1162 2408 δι
1181 2333 1329 2408 incautis
1350 2330 1473 2408 adole·

422 2431 610 2513 fcturum,
632 2433 668 2508 &
687 2431 882 2525 puellarum
901 2434 1023 2508 animis
1045 2431 1169 2509 ssmiles
1193 2429 1351 2510 flammo
1375 2430 1475 2510 excl-

419 2527 695 2613 tantlLibros,
713 2533 773 2629 qui
795 2554 849 2606 res
872 2532 1079 2619 oblcoenas.
1096 2532 1133 2608 ἃ
1156 2529 1301 2610 luscium¹
1316 2551 1363 2611 cx
1388 2541 1477 2632 plu·

421 2628 510 2711 fello
536 2631 740 2710 tralluntaa
766 2629 938 2709 Fidelibus
963 2633 1032 2728 legi
1052 2629 1389 2730 prohibuerunt-ez
1407 2635 1478 2713 ἐω-

420 2736 613 2809 retinentes
647 2734 692 2809 ab
726 2731 907 2832 Episcopis
939 2736 1057 2829 puniri
1088 2733 1277 2809 sanxerunt
1311 2737 1387 2803 rius
1406 2728 1473 2823 W,

397 2834 538 2904 faletrus
551 2831 592 2913 V,
616 2831 652 2907 aa
672 2836 815 2903 Clemens
826 2831 859 2905 V
859 2835 926 2914 ΙΙΙ.
949 2830 1139 2910 Pontifices
1155 2834 1301 2925 maximi
1322 2830 1421 2911 edito
1431 2830 1476 2911 li·

421 2929 571 3009 brorum
588 2932 853 3029 prohibitorum
879 2932 1004 3008 indice.
1033 2932 1421 3007 S.Carolu580rromaeus
1436 2936 1475 3012 in

424 3029 590 3110 Concilio
609 3031 865 3108 Mediolanensi
882 3055 935 3106 ιο.
954 3056 987 3127 p.
1005 3050 1035 3102 1.
1048 3035 1101 3108 tit.
1122 3025 1213 3126 „Qua
1233 3035 1274 3101 ad
1288 3038 1481 3104 racemis.

423 3134 508 3202 ralia
519 3140 708 3224 pertinent,
727 3135 787 3208 ubi
804 3134 1012 3225 praescribit,
1029 3153 1108 3226 quae
1121 3131 1256 3228 agenda
1278 3133 1356 3209 sunt
1373 3154 1392 3208 a
1412 3150 1476 3224 pa·

422 3243 477 3308 tre
497 3230 659 3314 familias.
679 3256 763 3308 cum
776 3234 851 3327 eJ'us
865 3235 1026 3307 domusa
1046 3235 1206 3325 parocho
1231 3228 1476 3316 benedicitur,

423 3336 493 3408 ait:
519 3388 540 3422 „
554 3388 576 3423 „
604 3334 772 3407 rlnsoveri
790 3329 1291 3428 curabit,quaecunquedomi
1315 3330 1380 3406 luae
1395 3329 1480 3411 suut

423 3430 618 3508 chrillianae
633 3433 769 3507 iansiliae
784 3432 943 3507 instituto
957 3433 1123 3526 indigna,
1136 3452 1286 3527 quaeque
1304 3429 1370 3507 Dei
1386 3454 1477 3507 octr-

425 3530 479 3607 los
502 3528 693 3607 offendunt
732 3529 857 3607 Libros
878 3532 923 3605 de
947 3534 1048 3606 rebus
1063 3529 1266 3612 obscoenis,
1286 3533 1475 3627 turpibus,

425 3633 640 3728 impudicis,
660 3635 847 3715 inanibus,
877 3653 918 3705 ac
941 3629 986 3703 de
1010 3632 1236 3707 cantionibus
1259 3631 1476 3719 inhonestis,

425 3730 627 3818 carentque
655 3730 688 3805 id
712 3734 868 3829 generis,
885 3727 1093 3804 inflammari
1113 3732 1260 3807 curabit·
1287 3728 1414 3807 Libros
1429 3732 1477 3809 da

425 3833 505 3906 vitae
526 3830 724 3921 religiosae,
752 3830 1001 3924 l'piritualilque
1035 3829 1220 3907 institutis,
1242 3846 1349 3928 atque
1374 3852 1477 3906 exer·

426 3925 1475 4021 &wmmmimmwmt„wssthmuMmmu

427 4027 522 4103 nens}
537 4036 572 4101 6.
601 4033 654 4104 tit.
676 4034 731 4099 De
754 4030 927 4103 clsrtllr'ana
949 4032 1092 4097 melitum
1116 4028 1310 4119 disciplina,
1336 4028 1475 4118 statuit,

426 4144 467 4205 ut
490 4132 617 4203 milites
637 4184 656 4217 ,,
671 4184 692 4218 ,,
726 4126 765 4203 ln
788 4131 866 4203 otio
890 4127 1065 4203 militaria
1092 4128 1261 4204 librorum
1284 4130 1480 4204 obl'coeno·

425 4249 529 4304 rum,
549 4232 685 4323 quique
704 4227 909 4302 christianos
933 4232 1024 4301 uiros
1046 4249 1121 4301 nou
1148 4227 1301 4313 decent.
1324 4226 1476 4303 terrione
1510 4276 1514 4285 ·

424 4327 641 4406 abstineant3
668 4327 725 4400 sed
748 4325 948 4423 Martyrum
975 4330 1052 4400 vitis
1079 4326 1259 4421 legendis,
1283 4331 1318 4403 in
1345 4329 1478 4422 qulbus

420 4424 632 4512 ¹fortitud0‚
661 4449 703 4501 ac
739 4432 846 4502 virtus
879 4449 959 4500 vere
982 4425 1137 4499 militaris
1161 4429 1298 4510 elucet,
1324 4438 1423 4502 totos
1444 4424 1478 4501 le

430 4543 733 4624 occupeutscuus
744 4549 806 4624 per
818 4530 1071 4642 occupationes
1084 4522 1397 4624 militarcspollunr
1410 4573 1482 4618 ,w
1534 4572 1538 4579 ·

907 4627 929 4703 δ
958 4644 982 4708 2
1298 4622 1415 4714 eone.
