4234 5350
623 491 694 636 De
721 505 868 662 odorio
895 537 1099 659 necalagi
1128 551 1353 664 precepto:
1395 607 1405 628 ·-
1445 552 1505 651 33'

453 711 669 817 'effemuam
694 720 795 802 vitae,
818 714 1013 792 secundum
1034 717 1140 801 illud,
1157 722 1258 817 quod
1272 720 1368 800 Deus
1393 717 1501 799 dicit:
1645 711 1654 722 ’

454 821 573 914 ,Qun
592 814 726 907 difficile
753 819 790 888 ln·
800 871 810 901 ,
840 819 898 904 qui
914 823 1065 910 pecunias
1083 816 1203 889 hahent
1224 876 1234 906 ‚
1263 818 1447 892 introibunt
1471 845 1506 891 m

459 943 587 1016 regnunt
610 917 785 993 celarum!
822 909 927 993 Unde
944 917 980 993 ἃ
1007 917 1093 995 illud
1109 919 1158 995 est
1171 974 1182 1006 ,
1197 923 1297 1020 quod
1314 923 1503 1038 specialiter
1517 970 1623 1039 mm
1640 976 1671 1041 4·

1522 784 1624 852 Marci.
1638 803 1685 856 ιο,

458 1024 553 1118 jubet
572 1018 720 1096 dicens:
741 1020 865 1089 Nolite
903 1016 1133 1103 thesaurizare
1156 1027 1251 1089 vohis
1276 1024 1444 1108 'thesaurur
1465 1046 1502 1094 m

457 1143 546 1194 rema
557 1150 571 1200 ,·
584 1117 815 1203 rhrsearieatr
834 1133 943 1187 aurern
963 1116 1061 1187 nobil
1080 1118 1245 1201 thesauros
1260 1125 1297 1191 in
1319 1123 1406 1194 rulo.
1436 1121 1503 1201 Su.

455 1222 673 1320 petionibus,
689 1239 731 1295 ae
748 1217 972 1316 sequentibus
984 1218 1083 1294 disiis
1100 1219 1174 1296 duo
1185 1218 1427 1299 thesaurorum
1441 1245 1505 1320 ge.

454 1345 535 1400 nera
552 1321 797 1396 monstrentur
818 1347 829 1410 ς
854 1341 966 1397 onum
991 1317 1138 1403 scilicet,
1154 1344 1228 1413 quo
1247 1315 1321 1396 siliis
1336 1324 1504 1399 thesauri.

452 1437 538 1500 nent
568 1435 684 1515 patrea
710 1466 721 1496 2
746 1419 839 1504 aliud
875 1441 952 1518 quo
978 1415 1049 1493 irbi.
1078 1418 1169 1495 Fillis
1189 1424 1421 1516 quomodo?
1454 1421 1503 1503 Ut
1612 1445 1624 1464 ⁹

453 1522 616 1600 erudiant
637 1521 716 1595 illos
737 1513 936 1603 offi.io,ac
950 1520 1079 1594 timore
1090 1522 1225 1596 divinos
1252 1523 1322 1595 Silai
1346 1547 1503 1618 quomo·

451 1622 531 1699 do?
548 1619 600 1698 Ut
614 1618 848 1696 thesaurizent
869 1617 929 1695 fibi
954 1617 1134 1695 thesauros
1161 1624 1197 1696 in
1216 1625 1325 1696 coelo.
1352 1622 1504 1698 lllmrice

453 1723 659 1806 scilicet,ut
683 1723 763 1819 quin
799 1721 949 1816 pecunia
971 1720 1104 1798 caduca
1126 1720 1175 1796 est
1198 1775 1209 1805 ,
1236 1721 1411 1817 disciplina
1438 1728 1504 1799 inr-

454 1822 614 1900 mortnlis
629 1863 641 1906 a
656 1825 692 1895 de
708 1843 834 1896 ornnes
856 1818 929 1894 sere
951 1835 1111 1914 parentes
1140 1822 1217 1916 plus
1238 1841 1356 1897 ament
1385 1823 1501 1910 filios,

454 1943 565 2022 qinam
589 1919 740 2018 seipsos,
763 1917 824 1994 sibi
844 1920 1032 1995 conserant
1045 1924 1138 1994 bona
1157 1922 1310 2004 caduca,
1328 1920 1402 1997 hliis
1417 1923 1504 1996 sem·

454 2026 591 2120 piterna
602 2045 614 2103 ,·
627 2042 668 2095 ac
690 2019 736 2094 fle
752 2020 920 2114 &pietati
938 2018 1004 2098 sun
1021 2019 1228 2107 consulant,
1250 2023 1286 2096 de
1305 2021 1401 2098 saluti
1417 2046 1500 2100 curn

453 2122 588 2218 duplici
603 2149 614 2206 t
627 2132 734 2217 atque
747 2122 938 2195 immortali
966 2123 1089 2205 bono,
1104 2121 1214 2216 &per
1230 2145 1287 2205 en,
1305 2146 1384 2216 quae
1401 2142 1500 2197 aeter·
1565 2111 1576 2134 ’

360 2233 369 2246 ’
456 2245 504 2298 na
520 2225 621 2304 lunt,
636 2237 786 2302 aeternoe
799 2215 866 2295 else
879 2217 969 2296 filios
986 2219 1135 2301 faciant,
1154 2222 1190 2294 ἀ
1209 2220 1253 2295 nd
1281 2227 1500 2317 conquiren-

456 2323 539 2397 dam
572 2319 633 2396 sthi
668 2317 943 2406 beatitudinema
979 2345 1017 2395 ea
1034 2342 1137 2417 ,quae
1163 2322 1362 2396 naturaliter
1391 2325 1499 2398 cudu-

455 2445 496 2499 σε
516 2421 735 2501 [υηῑὼουίε
757 2421 924 2516 ορεῐίῧυε
945 2424 981 2494 in
995 2436 1123 2494 :eterna
1147 2436 1370 2499 convertant.
1399 2419 1499 2514 Quid

455 2543 546 2617 ergo
562 2521 710 2604 ,residem
724 2535 868 2616 paterna
886 2521 996 2615 pietat
1014 2519 1030 2594 l
1048 2519 1147 2612 Quid
1176 2522 1219 2595 nd
1252 2522 1500 2617 conquirenda

456 2621 667 2706 terrenn,&
688 2620 839 2716 murare
860 2617 1089 2696 distenderis?
1103 2620 1200 2700 Nihil
1217 2623 1328 2711 majus
1341 2624 1500 2716 praeliare

457 2722 533 2799 illlis
561 2738 688 2817 potes.
721 2718 828 2818 quar'n
862 2717 888 2794 sa
921 2719 1152 2797 hocbonum
1178 2738 1294 2817 perte
1323 2723 1498 2807 habeant.

455 2822 559 2920 quod
591 2833 775 2918 nunqnam
798 2822 938 2916 penitus
964 2823 1138 2897 emittam.-
1174 2819 1261 2897 Non
1296 2820 1428 2898 necelse
1452 2823 1502 2899 est

457 2944 547 3018 ergo
573 2940 612 2998 ut
631 2922 704 2995 llllo
728 2937 793 2996 tuo
819 2934 978 2995 terrenos
999 2920 1177 2995 thesauros
1198 2924 1392 3004 recondas,
1407 2923 1500 2999 nulla

458 3044 498 3099 re
517 3046 599 3098 eum
615 3025 718 3096 iacies
734 3021 924 3106 diriorem,
950 3019 1097 3118 quamsi
1128 3023 1240 3117 ipsum
1264 3026 1373 3098 lilium
1399 3043 1503 3100 tuum

458 3121 659 3200 thesaurum
680 3117 748 3196 Dei
773 3120 892 3196 seceris
911 3175 931 3207 ,‚
946 3160 980 3210 „a

507 3222 603 3316 Quin
627 3219 1167 3316 verorxemplalongemovent
1187 3200 1663 3334 efficaciamquamgffiglgjnl

460 3327 587 3406 rerba,
607 3317 686 3393 fillis
716 3320 779 3393 suis
802 3325 966 3394 omnium
990 3323 1162 3395 virtutum
1189 3323 1357 3413 exemplo
1379 3321 1700 3411 hiesu-eluminat

459 3441 541 3498 cere
576 3419 708 3495 debent
732 3438 890 3514 parentes
915 3417 1100 3495 christiani
1138 3417 1354 3508 „Sacerdos
1382 3440 1578 3515 paren-eum
1602 3445 1655 3486 ere
1670 3450 1702 3484 a.

454 3575 478 3613 ,
491 3541 545 3599 tes
556 3521 912 3615 commoneat(t'nqlrit
924 3519 1063 3589 Concilir'
1076 3518 1265 3588 Tridentini
1277 3514 1509 3604 Carecinismns)
1520 3503 1570 3614 ΡῙξ)
1592 3503 1701 3615 (Ῐώῑξῑῑ

460 3674 485 3713 „
503 3634 545 3698 ut
562 3619 593 3695 se
608 3621 720 3695 liberis
733 3618 917 3715 magistros
935 3621 1113 3711 prebeant
1129 3621 1282 3701 virtutis,
1310 3624 1502 3716 aequitatis,
1521 3583 1684 3658 ww*

461 3774 485 3808 „
504 3719 715 3803 modestsae,
742 3722 778 3791 ἃ
810 3718 971 3792 castitatis
993 3773 1024 3808 „.
1049 3715 1145 3795 Hinc
1171 3728 1203 3798 S,
1225 3718 1502 3808 Jonrrashrysosl.

461 3815 576 3896 Hom.
596 3838 627 3903 5.
643 3822 677 3893 in
695 3816 795 3912 Epist.
810 3834 843 3886 2·
864 3818 907 3891 ad
926 3815 1244 3895 Thessalonicenses
1256 3825 1304 3894 nit
1322 3874 1331 3904 .
1348 3817 1504 3896 Patrem·

462 3920 606 3995 familias
630 3924 740 4015 magis
759 3915 919 4014 prodesse
933 3913 1029 4012 posse
1044 3925 1149 3994 uxori
1165 3918 1231 3993 suae
1250 3971 1257 3994 .
1277 3919 1352 3995 lillis
1366 3923 1422 4001 ,ἃ
1436 3921 1504 3995 ser·

463 4023 515 4095 tis
535 4019 705 4113 exemplo
736 4016 819 4098 suo,
839 4020 873 4091 δι
894 4018 1075 4093 christiana
1092 4066 1101 4094 ‚
1119 4019 1300 4110 lineaque
1321 4026 1505 4094 conversa·

463 4123 584 4204 tione,
600 4141 706 4213 quam
722 4115 1015 4192 Concionntores.
1044 4114 1124 4193 Hos
1136 4120 1230 4192 enim
1244 4142 1323 4194 raro
1335 4122 1504 4205 audiunt,

463 4221 624 4295 &siurim
644 4241 685 4292 uc
697 4218 824 4313 pedem
838 4216 1042 4292 extulerunt
1060 4241 1079 4290 e
1097 4217 1254 4307 templo·
1270 4242 1508 4312 eorumque

461 4320 651 4396 audierunt
676 4315 933 4400 inconcione,
950 4314 1230 4404 obliviscuntur;
1251 4339 1433 4412 parentum
1450 4343 1514 4392 au·

463 4437 538 4494 tem
555 4420 616 4500 ,dt
639 4418 874 4492 dominorum
896 4418 1027 4499 vitam,
1055 4416 1091 4490 &
1114 4416 1275 4513 exempla
1302 4442 1371 4511 prae
1400 4420 1514 4493 oculis

462 4520 599 4617 semper
619 4518 754 4596 habeut
777 4514 835 4607 filii
857 4557 869 4596 2
893 4539 934 4596 ac
952 4515 1053 4695 [cervi.
1082 4518 1178 4588 Licet
1199 4538 1274 4610 ergo
1301 4523 1453 4695 (w
1475 4515 1514 4593 8.

797 4664 803 4673 .
1014 4631 1039 4690 2
1366 4619 1377 4634 “
1406 4639 1464 4716 ry.
