4234 5350
608 521 679 621 De
705 453 822 618 sento
838 514 1042 644 Decologi
1056 529 1282 647 precepto}
1397 539 1511 666 m

429 693 622 800 legitimlrt
648 701 758 797 igitur
781 694 971 800 neaeliario
999 698 1256 778 resarciendum
1278 696 1328 775 est
1345 697 1485 797 restitu-

431 799 660 885 dunelmie,
681 797 844 875 dtamen
870 802 943 877 lieri
967 789 1101 897 pofflt3
1127 822 1194 877 nec
1219 800 1319 877 aliter
1341 799 1482 876 absolu·

432 903 488 979 tio
504 900 769 978 Sacramentali'r
789 899 955 979 adulteria
968 899 1201 979 concedenda
1223 900 1283 977 est.
1313 895 1413 978 lderh
1427 900 1482 976 di·
1600 913 1605 920 ’

432 998 590 1080 cendum
617 1052 628 1084 ,
656 998 859 1095 hexpolrta
889 998 931 1078 srt
954 1001 1150 1078 adulterina
1177 1000 1295 1097 proles
1318 995 1481 1095 hospitali

433 1102 562 1177 domui
578 1123 597 1175 a
611 1102 814 1197 parentibus
825 1098 1002 1177 adulterit.
1027 1097 1214 1177 Tenentur
1226 1115 1346 1177 autent
1366 1098 1410 1176 ad
1426 1120 1481 1175 re·

433 1200 653 1277 stitutionem
683 1198 808 1296 singuli
838 1222 913 1296 pro*
930 1216 1028 1286 rata,
1048 1198 1074 1275 ss
1097 1203 1284 1277 communi
1309 1195 1480 1277 consensu

433 1302 479 1378 ad
500 1297 713 1378 adulterium
735 1306 1071 1389 conveneramur
1095 1298 1119 1375 li
1140 1300 1277 1378 adulter
1296 1301 1482 1377 mulierem

433 1399 608 1501 pellexitr
632 1401 867 1494 provocarit,
899 1398 971 1496 iple
996 1398 1207 1476 insolidum
1235 1400 1415 1496 obligatur
1438 1395 1483 1473 ad

436 1501 558 1578 omnia
593 1498 723 1574 damna
754 1495 998 1585 resarcienda.
1025 1521 1110 1577 cum
1135 1502 1310 1596 praecipua
1336 1500 1485 1608 illorum
1517 1563 1540 1574 ..

433 1596 535 1674 naula
561 1595 616 1681 su.
644 1597 725 1694 lpl'o
750 1614 868 1675 tamen
891 1599 1272 1680 determinatorem
1293 1600 1485 1682 teneturin

432 1697 610 1783 solidum,
630 1700 712 1795 quia
736 1699 963 1795 peccatosuo
980 1698 1110 1776 damna
1136 1696 1339 1794 hujusmodi
1363 1696 1487 1772 volone

434 1800 652 1895 procuravit.
682 1797 717 1873 Si
737 1812 855 1876 tamen
876 1797 1027 1877 dubium
1048 1797 1112 1884 lit.
1130 1822 1174 1875 an
1197 1797 1336 1896 prolem
1362 1818 1409 1873 ex
1426 1795 1489 1870 ad-
1606 1841 1610 1852 ·

433 1899 591 1977 ulterino
612 1902 811 1977 concubitu
832 1935 845 1978 2
867 1922 913 1975 an
936 1911 984 1975 err
1015 1899 1161 1975 maritali
1186 1899 1381 1997 complexu
1409 1916 1490 1972 narr·

432 1997 500 2075 ller
519 1996 729 2095 susceperit,
751 1999 846 2076 nulla
869 1999 918 2076 est
938 1998 1167 2076 restitutionis
1186 1998 1385 2096 obligatio,
1406 1997 1489 2093 quia

431 2097 476 2169 dn
495 2092 606 2167 dubiis
619 2098 736 2167 melior
747 2096 791 2178 eli
808 2101 951 2171 conditio
965 2096 1163 2195 puffidenrr‘r.
1191 2096 1261 2176 Rea
1282 2113 1401 2175 utitem
1421 2094 1488 2172 du·

434 2198 493 2275 bia
514 2194 695 2297 aenium.
719 2197 781 2275 nib
801 2194 856 2277 vel
879 2203 1024 2278 maritus
1037 2214 1121 2276 roto
1135 2201 1384 2295 conceptionis
1397 2212 1490 2271 tern-

436 2317 529 2396 pore
544 2297 719 2377 abluerit,
745 2298 800 2376 vel
822 2299 885 2377 alia
912 2297 978 2376 sint
1003 2300 1189 2377 adulterini
1216 2312 1415 2393 conceptue
1434 2315 1491 2369 ar·

435 2411 631 2495 gramenta,
664 2419 740 2472 non
762 2397 957 2477 vetilinrilia
980 2396 1118 2494 solum,
1134 2400 1171 2474 de
1193 2396 1411 2494 probabilia»
1431 2388 1490 2468 led

435 2500 593 2574 omnino
613 2510 722 2575 cetra·
756 2499 848 2577 Alias
882 2500 978 2582 enim
999 2520 1045 2575 ex
1069 2499 1231 2594 legitimo
1257 2495 1490 2574 matrimonio

436 2612 542 2673 natur
551 2595 752 2693 judicatur,
770 2601 833 2696 qni
851 2601 887 2675 in
901 2599 1017 2677 domo
1032 2599 1273 2695 legitimorum
1286 2596 1490 2694 conjugunt

435 2712 542 2775 natur
558 2694 674 2784 est.h
698 2703 841 2776 maritus
860 2723 906 2777 eo
930 2713 1095 2797 tempore
1116 2699 1251 2776 habitat
1273 2718 1357 2776 tum
1379 2708 1491 2773 matre

434 2811 498 2875 tao
528 2820 609 2874 narn
642 2821 726 2876 curn
756 2822 885 2877 uxore·
928 2792 1008 2876 Nec
1042 2798 1148 2875 refert
1172 2799 1303 2896 ,quod
1326 2796 1489 2873 adultero

438 2821 558 2974 lininio
577 2894 647 2983 lit,
677 2913 754 2974 non
777 2910 904 2996 putato
932 2901 1058 2998 parm
1090 2897 1281 2975 similitudo
1307 2901 1402 2973 enirn
1430 2892 1489 2974 illo
1626 2950 1631 2957 .

434 3018 487 3072 ex
510 2997 581 3072 aliia
614 2995 724 3075 causta
748 3002 832 3075 oriri
857 3001 1004 3098 potest,
1032 2997 1195 3092 adeoque
1219 2997 1322 3074 fallax
1347 2997 1488 3089 lignum

437 3097 520 3186 οὓς
545 3102 781 3193 quamobrem
802 3103 838 3173 in
862 3099 1020 3176 favorem
1039 3100 1255 3173 matrimonii
1277 3094 1464 3192 judicatur·

491 3195 679 3273 Demodo
695 3200 922 3276 relliturionis
936 3220 1035 3275 nunc
1055 3199 1261 3274 dicendum·
1281 3197 1413 3275 Mulier
1428 3192 1488 3268 ad-
1503 3184 1616 3326 Rlffll'
1635 3203 1680 3275 ll·

403 3309 405 3312 ’
436 3294 575 3381 ultera,
596 3301 654 3374 cui
675 3300 770 3374 bona
792 3299 871 3375 lunt
891 3322 937 3375 ex
956 3306 1045 3373 dote
1071 3313 1159 3379 ‚aut
1183 3297 1381 3372 donatione
1405 3314 1489 3390 pro·
1527 3281 1683 3401 '‘⁰2¹5me

437 3415 518 3494 pter
544 3404 685 3492 nuptiae
700 3422 883 3498 ‚qnorum
909 3402 1050 3474 liberam
1075 3396 1412 3473 administrationem
1429 3395 1487 3509 ha·
1502 3358 1689 3506 {ffiffita

436 3498 502 3573 bet
522 3496 771 3595 postmortem
793 3501 932 3585 mariti;
955 3516 1015 3575 aur
1037 3496 1319 3594 paraphernalia,
1337 3491 1692 3592 quascntniaoenflae

435 3594 522 3674 licet
542 3611 641 3672 extra
664 3598 788 3673 dotem
810 3597 1090 3693 pollldet.etriis
1114 3596 1343 3695 compensare
1361 3595 1487 3674 debet,
1501 3569 1568 3706 ἓξὲξ
1597 3567 1693 3705 Ῑξξῗὲ

438 3709 616 3793 quantum
642 3695 776 3774 necelle
796 3702 844 3775 ell
862 3700 905 3775 ad
920 3700 1178 3794 reparationem
1199 3699 1426 3772 damnorum·
1452 3694 1488 3768 Si
1503 3687 1673 3785 heredium.

437 3790 514 3872 hoc
537 3796 652 3872 modu
680 3799 851 3875 damnum
871 3797 970 3884 filiis,
992 3815 1053 3874 aut
1078 3795 1264 3873 heredibus
1295 3797 1488 3892 legitimis·

437 3911 501 3973 ant
524 3900 630 3972 etiam
654 3897 815 3992 hospitali
842 3899 976 3976 illatum
999 3895 1160 3973 resarcire
1183 3921 1258 3976 non
1283 3894 1407 3994 pullu,
1426 3895 1489 3969 det

436 4017 617 4093 operam,
642 4013 684 4075 ut
709 3998 925 4078 adulterinus
955 3998 1205 4074 monasterium
1240 3997 1486 4089 ingrediatur.

437 4092 467 4172 fi
489 4095 640 4172 idoneus
659 4096 707 4172 est
722 4153 732 4183 ,
747 4102 781 4174 dr
799 4117 934 4193 partem
950 4095 1152 4173 hereditatio
1166 4096 1212 4172 illi
1234 4097 1392 4192 alioquin
1419 4095 1488 4169 ob·
1586 4115 1591 4123 ·

435 4210 627 4273 venturam
656 4197 851 4295 ,legitimis
869 4199 1054 4275 heredibus
1081 4196 1267 4291 relinquat·
1306 4195 1344 4272 ld
1372 4194 1394 4269 fi
1424 4191 1488 4287 ipse

435 4293 644 4394 persuadete
658 4320 733 4374 non
761 4296 886 4393 polilt,
905 4311 1007 4375 curet
1022 4351 1032 4383 ,
1047 4297 1175 4392 quibua
1190 4294 1306 4373 modia
1333 4295 1488 4370 bonellie

436 4401 594 4490 poterit.
609 4409 650 4472 ut
675 4400 851 4476 minorem
872 4395 1071 4474 hereditatlr
1090 4399 1294 4490 portionem
1314 4398 1486 4488 accipiat·

436 4504 481 4572 irt
502 4498 751 4589 negotiatione
772 4538 786 4584 a
813 4497 979 4579 industria
1003 4495 1082 4594 plna
1102 4492 1174 4598 ipse
1194 4497 1354 4578 conant
1377 4500 1414 4571 in
1435 4492 1486 4579 fre

487 4591 587 4669 Tam·
608 4597 684 4670 IX.
964 4593 999 4676 R
1369 4596 1437 4676 mi·
