4234 5350
770 563 849 649 124
934 534 1091 635 Theoi.
1118 532 1298 646 Dog.&
1331 531 1483 632 morat
1505 533 1599 634 Lib.
1618 537 1695 639 lv,

765 709 845 789 ferri
871 711 986 805 potest
1013 708 1277 789 contemnenda
1313 708 1387 796 eii;
1410 705 1526 785 iinon
1557 710 1696 807 potest,
1722 709 1784 787 nih

577 873 588 892 ..
763 811 1010 889 metuendum·
1033 808 1374 906 Depudicitiuvero
1388 809 1466 907 quis
1481 808 1784 908 dubitaverit‚qui

596 945 601 952 ·
764 935 805 987 eu
823 909 863 987 fit
885 914 920 987 in
943 909 1018 1004 ipio
1044 914 1165 988 animo
1187 910 1377 986 constituta
1395 962 1405 992 ,
1426 911 1719 1006 quandoquidem
1746 917 1784 986 uit

762 1025 821 1088 tur
851 1009 926 1086 eiii
949 1009 1096 1087 Under
1131 1009 1294 1086 violento
1319 1009 1515 1103 stupratore
1543 1013 1630 1103 eripi
1660 1034 1726 1087 nec
1744 1015 1784 1106 ip

762 1111 888 1206 potest.
918 1109 1107 1205 Quidquid
1130 1113 1238 1207 igitur
1262 1125 1446 1201 erepturus
1465 1123 1538 1184 etat
1562 1109 1646 1185 itte,
1671 1116 1731 1207 qui
1751 1134 1784 1186 ot

762 1210 915 1289 cuditur,
937 1210 973 1286 id
993 1226 1112 1287 totum
1133 1212 1170 1284 in
1183 1209 1355 1305 potestate
1377 1208 1495 1282 nostra
1516 1230 1591 1282 nou
1615 1209 1684 1303 est;
1705 1233 1784 1306 qun

764 1307 1072 1405 quemadmodum
1108 1309 1270 1385 nostrum
1292 1307 1543 1404 appellandum
1573 1305 1636 1392 iit,
1662 1335 1738 1386 non
1761 1315 1784 1384 ii

660 1495 666 1504 ¹
763 1407 899 1506 teiiigo.
924 1408 1157 1504 Quapropter
1170 1409 1286 1505 legem
1306 1409 1451 1504 quidem
1469 1430 1543 1481 non
1564 1408 1784 1506 reprehendo

765 1529 846 1606 quur
868 1505 953 1586 rues
976 1512 1148 1606 permittit
1169 1502 1337 1599 interfici}
1362 1507 1418 1582 sed
1436 1529 1511 1603 quo
1531 1507 1635 1602 pauo
1660 1509 1784 1585 iiiosdt

765 1606 930 1693 feudum.
952 1610 1015 1707 qui
1032 1605 1277 1720 interficiunt,
1302 1628 1378 1681 non
1401 1607 1557 1685 invenio.
1586 1606 1623 1679 T
1617 1631 1671 1677 um
1696 1617 1784 1701 Augu

761 1703 879 1791 ninas,
908 1705 1032 1786 Multo
1049 1711 1170 1785 miuus
1191 1729 1281 1802 ergo
1303 1708 1460 1781 invenire
1481 1702 1643 1800 poffum.
1666 1730 1729 1784 cut
1742 1710 1784 1786 hc

765 1809 922 1885 minibus
941 1805 1185 1884 defeniionem
1215 1830 1381 1905 quaeras,
1409 1828 1502 1902 quos
1526 1829 1607 1882 reos
1631 1810 1724 1883 nullu
1749 1807 1784 1883 ie:

764 1919 874 1984 tenet.
901 1907 1080 2000 trepondo
1101 1904 1272 1985 Evudius:
1290 1904 1397 1981 Nuiiu
1423 1902 1585 1992 fortniie,
1611 1905 1667 1981 sed
1688 1930 1784 1984 curun

763 2006 888 2103 legum
911 2061 923 2093 ,
947 2021 1241 2105 quae‘uppurent,
1262 2006 1298 2080 dr
1321 2009 1365 2080 ab
1389 2005 1596 2081 hominibus
1620 2003 1784 2103 leguntur

761 2127 845 2183 mm
869 2106 986 2183 nescio
1008 2124 1130 2184 utrum
1157 2129 1233 2183 non
1259 2107 1302 2182 uii
1329 2129 1372 2180 uu
1398 2103 1682 2184 vehementiore.
1702 2105 1784 2182 acie

760 2203 946 2282 cretissima
975 2206 1055 2305 iege
1078 2220 1265 2283 teneantur
1281 2129 1334 2291 ,d
1360 2205 1447 2280 nihil
1470 2227 1589 2281 rerum
1612 2206 1680 2283 est.
1705 2228 1784 2304 quo

757 2327 835 2381 uon
855 2306 1071 2382 administret
1084 2305 1201 2384 diuina
1218 2304 1451 2402 providentia.
1480 2307 1689 2401 Quomodo
1709 2311 1784 2382 enin

753 2404 850 2501 epud
872 2429 950 2480 eum
971 2406 1049 2483 sunt
1069 2405 1121 2482 isti
1146 2419 1296 2503 peccuto
1313 2403 1429 2490 liberi.
1452 2412 1512 2502 qui
1529 2428 1597 2499 pro
1616 2411 1656 2480 iis
1679 2407 1784 2483 rebus

751 2527 840 2680 {1⁰³⁵
864 2507 1050 2581 contemni
1066 2520 1235 2603 oportet.
1253 2505 1406 2580 humma
1430 2504 1526 2582 caede
1549 2505 1674 2599 poliuti
1694 2504 1772 2582 iunt

792 2604 906 2682 idetut
919 2628 1008 2703 ergo
1027 2606 1134 2692 mihi,
1152 2606 1188 2680 &
1212 2603 1328 2700 legem
1345 2601 1471 2690 istim,
1493 2625 1574 2697 quae
1596 2605 1736 2699 populo
1749 2628 1784 2682 re

751 2705 876 2802 gendo
898 2703 1058 2783 scribitur
1077 2750 1087 2781 2
1115 2704 1206 2781 rede
1235 2704 1295 2780 istu
1322 2705 1560 2799 permittere,
1585 2703 1622 2778 δι
1645 2705 1784 2780 dininan

754 2803 1016 2897 providentiam
1030 2801 1216 2881 vindicare.
1246 2801 1294 2879 ua
1308 2807 1404 2877 enim
1422 2801 1630 2907 uindicanda
1643 2803 1704 2877 fibi
1726 2803 1784 2880 haet

752 2903 813 2979 lex
834 2904 959 2998 popuii
980 2902 1149 2989 affumit,
1177 2925 1257 2996 ouae
1279 2900 1354 2978 iaris
1381 2900 1448 2978 [int
1475 2904 1706 2979 conciliandae
1726 2928 1784 2999 put

534 3082 547 3093 ,
753 3001 1158 3097 hominiburimpetitir.
1177 3004 1214 3079 de
1234 3015 1366 3100 quantu
1381 2999 1526 3097 poffunt
1536 3025 1599 3097 per
1614 3003 1784 3080 hominen

553 3110 646 3198 teges
666 3107 840 3200 civi-tegi.
881 3101 953 3180 iliae
975 3126 1061 3179 veto
1087 3102 1201 3218 cuipae
1222 3103 1303 3177 aliur
1333 3124 1458 3218 poenus
1484 3119 1582 3213 uptus
1607 3101 1784 3218 nubtum

550 3190 736 3347 enuit,
752 3198 1784 3398 uuurrunnun&tun

552 3361 584 3406 at
852 3360 863 3386 ·
1003 3360 1012 3378 ·
1647 3349 1657 3379 ‘

378 3376 384 3385 Ι
436 3412 438 3417 '
570 3348 716 3510 μᾞῗιίιῗ
753 3406 805 3479 uir
825 3402 1059 3491 inchoatam.
1090 3400 1276 3497 minusque
1299 3403 1486 3502 perfectam
1507 3446 1518 3478 ‚
1539 3417 1657 3477 tumen
1690 3401 1782 3478 fiden

600 3513 713 3575 quum,
754 3517 826 3580 tem
849 3558 860 3590 ,
885 3504 921 3578 dt
947 3502 1106 3585 sublimia
1139 3505 1301 3600 quaedam
1330 3519 1509 3595 petentem
1536 3501 1784 3578 dimnuionen

552 3590 738 3725 ssffipcffl
754 3618 865 3719 tuum.
892 3600 1046 3678 Videtur
1068 3604 1162 3678 enim
1190 3604 1254 3678 tibi
1278 3601 1335 3675 iex
1356 3601 1442 3676 istu,
1463 3622 1544 3695 quae
1570 3602 1733 3716 regendis
1750 3605 1784 3719 ci

552 3736 584 3786 a
597 3720 664 3786 sunt
681 3768 691 3799 ‚
711 3702 922 3791 &vitutibus
942 3699 1054 3778 fertur
1074 3751 1085 3780 .
1112 3700 1223 3776 muita
1245 3702 1443 3774 concedere
1467 3752 1478 3784 ,
1502 3717 1610 3796 utque
1624 3719 1784 3797 tmpumu

550 3796 650 3889 anino
666 3820 722 3881 pu-
749 3799 977 3901 reiinquetm
1003 3822 1085 3897 qoae
1114 3822 1178 3897 per
1209 3799 1363 3874 diuinam
1393 3815 1511 3874 tamen
1536 3802 1784 3895 providentiae

349 3894 352 4017 ξ
416 3920 419 3925 ·
461 3888 467 3977 .'
548 3888 680 3944 ww·
754 3899 997 3985 vindicentur,
1020 3898 1208 3988 derecte„
1225 3952 1259 3987 „.
1284 3898 1457 3989 Quamvis
1480 3899 1587 3996 igitur
1603 3899 1784 3979 secundun

752 4000 850 4097 leger
874 3996 1047 4076 humente
1069 3994 1253 4072 homicidii
1274 4000 1391 4094 poenis
1418 4021 1493 4074 non
1515 4001 1714 4094 objacent,
1735 4025 1784 4100 qu

751 4099 867 4178 furem
888 4100 984 4176 bona
1002 4095 1059 4175 suu
1075 4098 1290 4192 rapientem,
1309 4112 1370 4173 aut
1387 4096 1544 4177 ficarium
1557 4104 1592 4175 in
1616 4100 1649 4175 se
1662 4102 1784 4178 irruen·

751 4198 919 4279 temere!
933 4196 1170 4295 stupratorem
1194 4194 1372 4292 pudicitie
1400 4197 1466 4275 iuae
1488 4202 1559 4277 vim
1580 4198 1705 4274 inferre
1729 4223 1784 4276 vo

744 4298 884 4377 ientem
906 4298 1072 4375 occidere
1101 4296 1283 4382 intendit,
1306 4313 1367 4374 aut
1390 4302 1451 4394 qui
1470 4299 1569 4394 justae
1585 4297 1784 4374 defenfionit

747 4408 862 4476 metm
895 4397 1073 4480 excedite
1103 4418 1226 4478 cotum
1250 4392 1335 4477 Deo
1363 4410 1482 4477 tumen
1508 4397 1693 4475 homicidii
1715 4421 1784 4476 reu

748 4496 809 4579 tit

1642 4590 1747 4675 Eam·
