4234 5350
601 491 672 582 De
698 485 876 611 septimo
900 493 1107 614 Decasogi
1137 513 1357 618 precepto.
1419 525 1496 601 323

387 724 395 734 .
433 667 583 762 senserat
599 709 611 744 2
626 676 738 778 ‘totus'
753 668 820 756 erit
844 667 1041 756 inventoris
1062 715 1074 753 t
1098 670 1160 748 nisi
1183 671 1280 750 aiiter
1300 676 1390 750 inter
1408 667 1504 770 ipson

437 784 681 872 cortveuerrt3
716 765 742 839 sl
770 792 993 852 autemnon
1025 771 1274 863 consenserat,
1303 790 1402 852 totus
1436 771 1504 860 erit

437 874 601 952 domiui,
621 875 738 980 intuta
762 885 936 952 duntaxat
959 875 1141 954 inventori
1160 871 1323 953 mercede
1343 873 1500 971 sabotir;
1619 942 1621 948 .

437 987 480 1066 pt
507 967 688 1060 colligitur
706 987 753 1044 eit
783 973 824 1050 i..
852 975 967 1046 Nino
984 992 996 1052 ς
1014 995 1049 1058 c.
1072 977 1127 1051 tit
1153 991 1208 1066 ις.
1233 972 1292 1054 De
1315 972 1496 1056 thesauris.

438 1127 463 1170 „
481 1126 504 1164 „
524 1067 567 1162 sn
583 1069 701 1142 alienis
725 1088 812 1154 vero
829 1074 967 1155 retrusis
986 1069 1157 1169 (inquit)
1178 1097 1287 1150 neruo
1301 1073 1428 1162 audeat
1443 1076 1497 1148 in,

439 1177 547 1255 vitre,
578 1189 655 1242 imo
682 1187 749 1276 nec
782 1173 1010 1262 volentibus,
1036 1173 1093 1252 vel
1114 1173 1360 1276 ignorantibus
1376 1173 1497 1250 dorni·

439 1293 495 1378 prs
523 1289 612 1378 opes
644 1267 778 1378 abditas
801 1270 866 1348 sun
898 1273 1047 1351 nomine
1075 1276 1292 1375 perscrutari.
1331 1268 1495 1366 Quodsi

440 1375 547 1456 nouis
567 1375 669 1462 iuper
684 1387 757 1454 noc
776 1369 901 1470 aliquis
913 1375 1102 1458 crediderit
1127 1374 1417 1473 supplicandum.
1431 1384 1494 1446 aut

440 1493 566 1572 praeter
584 1493 689 1562 ouius
719 1487 803 1563 re5r³
818 1493 980 1551 tenorem
992 1481 1028 1550 iu
1046 1478 1161 1553 aireno
1182 1477 1268 1552 ioco
1289 1473 1493 1554 thesaurum

441 1575 614 1652 scrutatus
636 1577 810 1654 invenerit
823 1622 834 1657 2
846 1589 966 1652 totum
980 1575 1054 1654 hoc
1071 1575 1237 1654 iocorum
1247 1573 1398 1665 domino
1415 1568 1496 1645 ted·

441 1675 529 1760 dere
549 1668 783 1768 compeliatur
797 1675 855 1756 ‚dt
873 1673 970 1754 reiut
997 1693 1189 1756 temerator
1210 1679 1295 1772 segia
1319 1671 1498 1750 saluberri-

439 1791 501 1852 nte
525 1773 703 1868 puniatur.
730 1773 846 1864 Quod
870 1774 893 1848 si
921 1773 1042 1864 sorte,
1068 1779 1122 1850 vei
1150 1781 1283 1852 arando
1305 1828 1316 1860 ,
1340 1773 1395 1848 rei
1417 1770 1499 1847 aliae

439 1887 570 1960 terram
597 1872 746 1948 azienam
770 1877 951 1952 colendo.
972 1875 1029 1950 rei
1057 1899 1278 1970 quocunque
1294 1873 1396 1957 casu.
1421 1889 1500 1950 uon

441 1973 562 2062 dudio
581 1966 847 2066 perscrutandi,
873 1974 910 2049 in
933 1973 1054 2060 alienis
1084 1976 1173 2056 locis
1204 1973 1404 2061 thesaurum
1443 1973 1498 2052 in·

441 2087 606 2164 tenerit»
627 2075 664 2143 id
688 2077 789 2166 quod
812 2093 991 2170 repertum
1017 2080 1146 2170 tuerit.
1171 2075 1315 2152 dimidia
1337 2083 1495 2156 retenta.

440 2174 550 2252 attera
570 2171 716 2260 dimidia
728 2177 831 2260 data,
850 2195 935 2250 curu
957 2178 1124 2254 iocorum
1143 2178 1295 2253 domino
1316 2172 1497 2270 partiatur·

440 2272 494 2360 lta
510 2295 605 2352 emin
626 2293 763 2362 evenit,
789 2293 830 2360 ut
844 2279 1081 2376 unusquisque
1106 2275 1173 2356 suis
1187 2274 1352 2363 fruatur.
1371 2271 1500 2358 &¹¹⁰st

440 2377 553 2452 inhiet
579 2375 699 2448 aiteun
714 2429 735 2463 „
750 2423 786 2468 „.

491 2471 672 2567 Ceterum
699 2481 722 2547 ri
738 2475 911 2570 magicis,
936 2496 979 2552 ac
1002 2475 1141 2556 nefariis
1160 2476 1293 2558 artibus
1319 2468 1500 2550 thesaurur

440 2576 607 2662 interitus
627 2578 677 2648 eit
702 2596 876 2662 trorum,
898 2573 1000 2675 quod
1022 2578 1181 2675 alioquin
1194 2570 1364 2654 habuisset
1376 2573 1501 2656 invene

440 2694 524 2759 tur,
551 2676 636 2753 iiico
670 2682 778 2761 cedit,
804 2677 885 2755 Pars
910 2698 1029 2757 autem
1056 2678 1173 2761 media
1204 2680 1358 2774 pertinet
1380 2667 1503 2773 adsols

439 2779 661 2862 dominum,
688 2775 713 2849 si
741 2782 776 2867 iu
807 2780 922 2863 alieno
947 2778 1082 2873 pradio
1107 2779 1212 2857 suerit
1230 2784 1425 2861 intentus,
1461 2786 1503 2851 ut

441 2900 489 2953 eu
510 2879 633 2957 eadent
653 2876 732 2971 sege
754 2884 904 2961 conitar.
936 2879 1101 2965 Alienum
1123 2905 1232 2978 porro
1256 2877 1392 2959 sotum,
1419 2870 1503 2947 alie·
1632 2892 1634 2897 ·

441 2984 578 3072 nosque
599 2976 813 3061 tunduseit.
838 2982 940 3076 cuius
975 2980 1146 3059 directum
1174 2981 1376 3059 dominium
1402 2968 1503 3049 alters

444 3093 633 3173 competit,
652 3082 907 3175 quarnvrsutiie
920 3080 1013 3154 i'orte
1027 3081 1230 3157 dominium
1242 3078 1378 3155 habeas·
1392 3069 1500 3149 Unde

443 3177 471 3255 ss
496 3185 650 3253 creditor
678 3201 716 3251 tn
745 3186 860 3255 domo
884 3184 1151 3278 oppignorata,
1176 3183 1212 3256 dr
1234 3172 1435 3254 condutior
1460 3171 1499 3249 in

440 3301 557 3377 agro.
578 3276 633 3352 vel
659 3278 775 3365 dumo
811 3281 927 3353 locata
961 3278 1163 3360 thesaurum
1189 3276 1388 3356 invenerit,
1421 3291 1498 3344 nte-

447 3383 543 3463 diani
560 3395 693 3475 purtem
710 3387 799 3466 iliius
820 3383 903 3463 dare
926 3380 1032 3455 debet
1059 3380 1211 3463 domino
1240 3372 1404 3457 diserto.
1429 3366 1499 3453 fiio

448 3496 686 3577 proprietario¹
707 3480 863 3555 domus,
892 3480 949 3555 vei
975 3482 1062 3576 agri.

502 3581 732 3681 Quamquam
759 3603 844 3654 vero
861 3580 937 3677 jure
957 3580 1049 3655 civiti
1065 3592 1223 3655 veterum
1238 3570 1496 3663 Hebraeorum.

447 3675 649 3769 thesaurum
672 3682 868 3777 acquireret
885 3733 894 3763 ,
916 3683 977 3776 qui
995 3681 1103 3755 sciens
1114 3672 1281 3755 infossum
1308 3679 1345 3750 in
1360 3692 1405 3747 eo
1420 3665 1499 3742 the·

450 3780 589 3857 sautum
608 3778 829 3857 delitescere,
849 3804 974 3876 agrum
994 3784 1161 3864 emebata
1174 3774 1325 3851 domino
1340 3772 1375 3847 id
1393 3772 1499 3863 igno·

449 3904 571 3965 rante,
588 3900 627 3957 ur
642 3887 820 3983 colligitur
834 3904 881 3956 ex
893 3885 1093 3977 evangelica
1114 3875 1280 3955 Parabosa
1293 3925 1303 3955 ‚
1318 3870 1431 3942 drani
1445 3882 1502 3962 13·

445 3981 544 4060 aliter
573 4004 690 4055 tamen
718 3985 911 4058 seeundum
930 3984 983 4074 jus
1004 3981 1191 4077 gallicum.
1215 3974 1401 4068 moresque
1438 3991 1506 4041 no·

450 4082 540 4160 stros
552 4086 751 4175 Judicatuh
770 4087 853 4178 quia
865 4081 975 4165 dolo,
997 4078 1167 4164 &fraude
1182 4079 1368 4151 inventurn
1384 4115 1392 4142 ,
1409 4067 1443 4148 dt
1458 4063 1509 4145 &fv

452 4179 584 4265 iossunr
617 4190 833 4279 ptaeiuntunt
862 4181 1024 4276 gallicani
1051 4175 1334 4351 jurisconsulti,
1369 4164 1511 4251 &Mi-

451 4284 618 4378 guttatus
639 4335 649 4367 ,
676 4288 840 4379 adeoque
864 4280 955 4355 civili
980 4305 1047 4377 qua
1077 4301 1132 4355 ani
1159 4278 1350 4367 aequirare.
1375 4289 1510 4341 couve-

453 4404 639 4478 ureutrque
666 4386 802 4458 ratione
830 4380 1106 4473 adjudicandum
1142 4373 1213 4451 loci
1245 4374 1423 4449 donnino.
1449 4364 1510 4446 cus

459 4484 666 4591 ignorantia
691 4484 748 4579 jus
778 4476 994 4665 posseisggnis
1017 4481 1188 4577 perimere
1212 4495 1288 4559 nun
1305 4465 1506 4647 potest0011t

967 4600 985 4677 ³
1390 4586 1461 4655 ¹¹⁶-
