4234 5350
692 492 782 600 itis
892 483 1050 584 Theoi
1074 481 1624 604 humanissimis

694 662 855 770 obligata
876 657 994 742 hahet.
1026 657 1072 740 L·
1096 659 1276 750 secunde,
1303 664 1381 732 cod·
1404 661 1459 738 tic
1482 663 1539 734 De
1561 662 1747 762 Peivilrgft

500 855 674 1026 amalper-
691 762 822 941 (mhi.
847 855 973 938 Peniio
999 861 1214 940 alimentaria
1235 858 1486 958 pupillorum,
1510 875 1573 941 aut
1607 867 1750 948 adulto·

503 1015 506 1022 .
581 948 647 1012 Μ
696 963 903 1042 rumesiam
927 961 1082 1040 iihorum
1108 959 1265 1038 honesta
1286 963 1596 1046 conditionic.ied
1611 990 1748 1068 corpo·

696 1087 758 1144 re,
779 1059 834 1136 rei
857 1075 978 1138 mente
998 1066 1251 1158 impotentium
1263 1109 1274 1147 .
1288 1084 1334 1138 ex
1353 1068 1456 1138 honis
1484 1074 1663 1157 paternis,
1683 1087 1746 1148 aut

695 1167 804 1240 etiam
825 1166 992 1238 maternis
1014 1163 1203 1247 ioivcnda,·
1225 1164 1439 1256 ptaei'ereuda
1461 1164 1510 1238 eii
1529 1168 1601 1240 aiiii
1629 1177 1743 1247 credi-

695 1263 837 1340 toribus
853 1259 1122 1362 quibuscunque
1137 1267 1438 1357 procedentibus3
1463 1268 1545 1359 quia
1571 1268 1742 1348 nimirum

698 1367 867 1438 Alimenta
888 1357 1058 1452 treceffirera
1079 1367 1268 1432 deiectionem
1285 1385 1347 1432 non
1358 1369 1526 1448 iniissent·
1551 1361 1649 1442 ldem
1666 1373 1744 1448 esto

695 1461 869 1566 judicium
892 1463 937 1537 de
958 1462 1205 1540 medicorum,
1229 1462 1504 1556 chirurgorum‚¹
1528 1465 1743 1560 pharmaco.

698 1563 863 1662 pohrum
882 1563 1045 1658 expeniis
1067 1567 1104 1637 in
1134 1563 1257 1640 ultima
1276 1565 1608 1656 aegrrtodinetatiis.
1633 1566 1676 1644 L.
1697 1575 1741 1640 ln

697 1660 915 1745 restituenda,
928 1665 970 1738 C.
991 1669 1043 1740 tit.
1064 1670 1117 1733 De
1135 1678 1293 1755 petitione
1309 1663 1528 1750 ueridiastis,
1547 1669 1647 1762 eujus
1666 1668 1746 1746 haee

645 1815 648 1820 -
698 1761 780 1840 funt
803 1763 907 1838 verbu
928 1785 939 1844 u
962 1798 1023 1854 „a
1047 1762 1089 1840 ln
1114 1760 1324 1838 reiiituenda
1348 1758 1540 1839 hereditate
1567 1787 1741 1864 compen.

698 1862 787 1940 ihtio
804 1863 880 1956 ejus
898 1861 1104 1945 habebitur,
1117 1867 1216 1959 quod
1231 1867 1312 1938 rein
1326 1879 1459 1938 mortui
1477 1863 1743 1956 infirmitatem.

695 1967 810 2058 inque
841 1963 1020 2057 iumptum
1051 1963 1181 2038 iuuetis
1217 1965 1312 2037 bona
1340 1959 1411 2036 tide
1432 1983 1477 2036 en
1499 1969 1646 2058 proprio
1676 1985 1743 2044 tuo

696 2065 916 2161 patrimonio
935 2061 1092 2156 erogail'e
1115 2064 1316 2157 probaveris
1338 2088 1404 2152 ,ηε
1434 2067 1606 2157 adquam
1623 2066 1741 2162 regem

695 2161 818 2235 aaran
842 2157 1113 2258 Jurii'coniuitirs
1134 2165 1182 2238 ait
1209 2183 1262 2251 r„
1287 2161 1447 2253 impeni'a
1479 2168 1565 2238 iacis
1585 2169 1621 2238 in
1644 2169 1742 2242 iuiir·

692 2283 831 2359 „mum
843 2263 1023 2358 praei'ertur
1040 2265 1170 2360 cuique
1188 2265 1426 2336 creditorum..
1444 2263 1525 2358 puii
1544 2282 1661 2342 tamen
1687 2269 1740 2344 i'u·

733 2366 826 2437 neris
847 2361 1038 2455 impensam
1054 2407 1077 2452 ,-,
1097 2410 1109 2445 ,
1127 2365 1172 2436 de
1203 2383 1274 2455 qua
1294 2367 1393 2436 variae
1413 2361 1509 2456 iuges
1536 2383 1660 2441 exram
1687 2370 1741 2444 tit·

735 2467 744 2536 i
772 2461 1195 2554 estotuntDriiiirgiolt'r.
1214 2475 1257 2534 eff
1276 2463 1454 2554 ismptihas
1473 2463 1642 2550 tanetum.

694 2617 697 2622 -
742 2487 831 2638 hiri.
859 2563 1040 2636 indebitis
1058 2559 1229 2650 realibus,
1245 2559 1315 2636 hie
1335 2560 1598 2658 hypothecariis
1626 2560 1741 2640 credi·

693 2673 756 2739 tor
774 2663 929 2739 anterior
953 2660 1026 2739 aliis
1043 2664 1198 2757 ejuidem
1220 2660 1352 2749 ordinis
1367 2668 1600 2740 creditoribus
1619 2665 1738 2757 porte.

684 2763 847 2839 'rioribus
859 2766 907 2837 ita
918 2764 1153 2857 proterendos
1170 2762 1219 2841 eii
1238 2806 1250 2843 i
1266 2778 1307 2851 ut
1320 2764 1351 2836 ti
1366 2762 1524 2839 debitum
1536 2768 1573 2837 in
1585 2766 1739 2842 ioiidum

690 2860 907 2939 doivendum
925 2858 968 2943 stt
982 2913 994 2949 .
1006 2869 1168 2959 quamtis
1180 2868 1275 2938 bona
1295 2882 1371 2937 non
1393 2860 1639 2958 suppeterent.
1658 2888 1740 2961 quae

697 2962 839 3061 reliquis
861 2963 1095 3040 creditoribus
1114 2960 1376 3061 hypothecariis
1398 2968 1571 3038 ioivendie
1590 2962 1668 3041 i'atis
1689 2967 1741 3039 ei'.

698 3062 784 3137 ient.
818 3058 870 3137 iili
897 3069 993 3137 enim
1013 3114 1025 3149 ,
1048 3084 1205 3161 quorum
1235 3061 1408 3155 posterior
1431 3064 1481 3137 eli
1505 3062 1734 3161 hypotheca,

695 3163 877 3239 honorum
904 3164 1040 3240 deietiu
1059 3175 1146 3259 iaepe
1165 3180 1349 3258 coguntur
1372 3165 1524 3258 propriis
1546 3167 1682 3258 Jurihus
1697 3168 1737 3241 in

694 3279 816 3340 tutum
832 3264 1014 3349 excidere,
1038 3286 1084 3338 ne
1103 3267 1295 3339 creditores
1309 3284 1486 3359 ,quorum
1510 3271 1670 3341 anterior
1686 3266 1737 3340 eii

693 3362 920 3461 hypotheca,
946 3378 1114 3457 exparte
1138 3362 1354 3439 fraudentur.
1383 3364 1628 3453 Quamobrem
1647 3387 1735 3459 pau·

694 3480 810 3562 pertas
825 3463 1027 3560 posterioris
1050 3463 1232 3540 creditoris
1246 3484 1321 3537 non
1339 3462 1386 3537 est
1400 3466 1576 3556 legitimus
1589 3468 1734 3546 titulus,

692 3559 1210 3742 tiiihitittiiiiiiii
1243 3562 1642 3742 iii‘titiiiit’
1672 3564 1734 3741 {¹2¹³

691 3759 857 3841 ferendus
878 3765 928 3841 eii
952 3786 992 3840 ta
1011 3763 1183 3841 duntaxat
1210 3684 1347 3836 r'anoffe
1362 3807 1373 3842 ,
1390 3685 1533 3855 ut’hhus
1557 3687 1734 3842 necehhtas

687 3860 905 3941 inhiaretur·
930 3860 1037 3941 Ordo
1061 3868 1168 3960 igitur
1199 3860 1336 3955 justitiae
1359 3866 1395 3935 in
1426 3870 1647 3941 restitutione
1668 3872 1734 3941 ier-

696 3963 834 4040 vaudus
851 3962 923 4042 est,
944 3985 1023 4057 quae
1043 3985 1111 4039 nec
1132 3973 1315 4058 periouam
1335 3968 1497 4060 pauperis
1521 4017 1532 4051 .
1555 3989 1622 4041 otc
1654 3968 1725 4044 vui·

697 4075 779 4138 tum
798 4062 916 4137 divitis
935 4060 1096 4153 rei'picit3
1121 4065 1156 4136 in
1181 4059 1410 4139 beneficentia
1431 4087 1516 4141 reto
1541 4065 1729 4142 servandus

685 4159 746 4235 est
764 4160 858 4236 ordo
873 4156 1048 4237 charitatis
1067 4207 1079 4244 ‚
1102 4176 1142 4238 ut
1159 4162 1192 4237 ei
1211 4165 1306 4258 prius
1324 4163 1548 4243 subveniatur
1570 4172 1732 4250 ‚crateris

693 4261 924 4356 paribusiqui
938 4265 1049 4357 magis
1059 4265 1206 4360 indiget·
1231 4262 1320 4339 Nun
1330 4266 1415 4342 iicet
1434 4268 1541 4362 igitur
1555 4271 1734 4347 debitori,

687 4360 756 4454 qui
773 4363 941 4440 omnibus
963 4366 1135 4442 solvendo
1160 4385 1235 4440 non
1253 4366 1324 4450 eii,
1337 4374 1462 4462 iponte
1477 4366 1533 4443 i'ua
1544 4365 1731 4460 grarriicari

683 4460 793 4543 alicui
806 4463 973 4545 creditori
991 4466 1029 4545 in
1050 4462 1296 4565 prejudicium
1320 4472 1559 4556 anteriorum,
1581 4481 1642 4647 rubuit
1667 4467 1731 4549 iia·

1618 4590 1682 4643 tn·
