4234 5350
574 533 643 629 De
672 525 787 630 sexto
815 532 1018 654 Deculogi
1048 541 1274 656 praecepto:
1378 539 1465 651 28?
1542 567 1544 572 ’

409 705 533 786 saltans
562 709 746 805 placeret,
772 709 830 786 ille
854 722 1011 789 mentem
1041 709 1196 789 Herodis
1220 713 1359 807 eripuit.
1389 711 1461 791 Ubi

409 815 506 886 enim
529 807 629 885 saltus
655 810 798 886 lalcitus
815 867 825 898 ,
843 814 889 889 ibi
915 812 1076 888 diabolus
1103 832 1199 888 certe
1227 814 1331 888 adest„
1370 812 1459 890 Non

409 912 508 986 enirn
524 910 568 985 ud
594 911 747 1002 tripudia
771 912 879 1009 pedes
899 915 1002 988 nobis
1023 916 1172 1006 praebuit
1194 909 1312 989 Deus.
1334 908 1390 987 [εά
1416 928 1458 989 ut

408 1009 569 1085 modeste
589 1011 816 1103 incedamus3
838 1035 912 1088 non
931 1029 971 1088 ur
988 1012 1215 1106 impudenter
1238 1014 1456 1088 camelorum

408 1107 525 1186 modo
546 1107 726 1193 fallamus,
744 1111 800 1184 [εά
825 1133 866 1188 uc
891 1114 927 1186 in
955 1113 1175 1208 Angelorum
1201 1110 1318 1187 choris
1343 1113 1455 1188 conil-

408 1209 549 1285 stamus·
574 1207 689 1302 Quod
717 1207 894 1306 srcnrpus
918 1207 1079 1287 deforme
1105 1209 1145 1285 lit
1169 1213 1394 1307 impudenter
1409 1213 1453 1286 la.
1471 1203 1612 1300 ledetur

408 1310 531 1386 llendo
556 1357 567 1391 ‚
590 1326 728 1405 quanto
756 1316 867 1404 magis
895 1317 1049 1387 enimam
1081 1310 1206 1387 loe'darl
1240 1305 1577 1387 credendum²¹¹¹¹¹¹¹³·

410 1406 565 1490 estillic
578 1412 737 1505 tripudiis
754 1411 915 1486 diabolus
932 1413 1049 1497 saltat,
1068 1409 1150 1486 hisa
1167 1409 1374 1487 daemonum
1393 1414 1460 1487 ml·

406 1510 516 1584 niliris
530 1508 693 1584 homines
716 1509 952 1604 decipiuntur·
979 1515 1025 1585 m
1042 1508 1109 1602 ped
1124 1515 1227 1579 muira
1245 1525 1255 1586 l
1277 1509 1391 1588 tllulra
1406 1526 1459 1587 et·

405 1609 476 1684 iam
508 1631 607 1684 nuuc
631 1605 835 1704 hujusmodi
858 1611 1030 1786 [γωξοῦα
1054 1604 1299 1688 celebrantur·¹
1325 1613 1359 1686 in
1378 1614 1457 1707 qui·

404 1711 472 1785 buc
489 1706 553 1784 etia
574 1705 732 1803 joannes
748 1732 821 1784 non
834 1712 922 1786 inter
951 1715 1058 1797 citur,
1075 1709 1202 1786 Clarilli
1218 1727 1334 1783 tamen
1346 1731 1458 1785 naem-

403 1808 466 1885 bra
492 1808 704 1884 dilaniantur
725 1856 735 1882 2
761 1810 949 1904 multoque
980 1812 1144 1908 graviora
1166 1814 1454 1886 committuntnn

404 1905 495 1986 Non
513 1912 609 1983 enim
632 1919 739 2003 caput
759 1907 906 2006 Joannis
921 1958 932 1995 ‚
949 1916 1009 2007 qni
1033 1911 1147 1986 modo
1168 1911 1380 2004 tripudiant,
1398 1908 1456 1986 led

403 2011 537 2086 eninras
560 2012 844 2085 recumbentium
872 2022 1010 2105 petunt.
1049 2008 1143 2089 Cum
1169 2014 1264 2083 enim
1291 2009 1455 2104 volupia·

403 2121 482 2185 tum
510 2107 626 2184 servos
650 2107 862 2190 effecerint,
887 2111 922 2187 de
955 2111 1080 2189 illicitis
1100 2111 1323 2186 meretricum
1352 2127 1455 2185 amo·

403 2208 500 2284 ribus
522 2212 851 2304 occupationum
877 2231 985 2304 caput
1008 2235 1028 2286 a
1056 2213 1283 2294 cervicibus,
1306 2207 1362 2283 led
1380 2209 1455 2284 anl·

403 2321 500 2382 mam
531 2307 711 2385 aChrillo
740 2308 981 2406 disjungunt,
1004 2308 1204 2395 adulteros,
1229 2311 1264 2385 dc
1286 2331 1453 2386 eneruem

402 2428 447 2483 ac
464 2405 704 2484 effoemr'natos
724 2408 932 2507 speciatores
956 2409 1143 2486 reddentes
1165 2455 1186 2498 n
1200 2446 1236 2498 ,‚.

455 2514 490 2577 d.
506 2508 710 2601 Epiphanius
738 2516 774 2584 in
800 2510 1025 2604 expositione
1050 2509 1132 2585 fidei
1159 2505 1367 2590 catholice.
1388 2503 1451 2585 Ed
1469 2543 1655 2624 mumma,

402 2605 514 2684 cleliae'
536 2606 775 2685 lantlillrmam
808 2611 1024 2707 disciplinam
1050 2631 1131 2710 cap.
1152 2626 1212 2703 24„
1238 2628 1424 2698 exponens
1439 2626 1577 2697 ,meula

401 2711 540 2806 lnquit,
561 2710 713 2797 theatra,
739 2705 897 2806 equestres
919 2715 1035 2798 ludos,
1065 2733 1103 2780 ec
1129 2707 1255 2795 Muficc
1272 2707 1449 2806 speffacela
1464 2703 1584 2849 gffiat
1598 2706 1660 2809 Bu·

399 2813 547 2880 &mnata
1633 2814 1677 2863 4³¹

452 2906 642 3002 nminem
678 2895 788 3011 Syrus
819 2956 830 2997 ,
862 2896 1048 2995 Humilia,
1076 2900 1178 3004 cujus·
1199 2920 1452 3005 argumentum

402 3008 475 3089 est:
498 3008 695 3089 Christianos
720 3012 893 3080 aludrr'cr's
914 3009 1005 3080 rebus
1026 3008 1182 3091 abstinere
1203 3030 1368 3099 oportere,
1383 3015 1450 3087 alt:

403 3166 426 3204 „
442 3157 466 3201 ‚‚
494 3106 618 3188 Nolite
645 3124 780 3193 errare,
806 3110 922 3186 nullus
944 3112 1059 3187 sersus
1080 3111 1194 3205 potest
1222 3112 1364 3185 duobus
1384 3111 1452 3181 do·
1490 3158 1492 3164 -

401 3211 507 3285 minis
526 3210 662 3287 servire·
688 3204 810 3288 Nemo
826 3212 939 3309 potest
956 3208 1038 3287 Deo
1055 3210 1179 3285 servire
1193 3265 1203 3294 ,
1216 3233 1255 3283 ac
1274 3233 1357 3282 cunr
1378 3210 1452 3283 dia-

401 3308 492 3386 bolo
518 3312 666 3387 clroreus
691 3313 832 3387 ducere.
884 3312 937 3385 ld
969 3314 1162 3407 imaginem
1195 3307 1264 3384 Dei
1295 3308 1371 3382 laeli
1397 3308 1452 3383 [ιιι

401 3428 504 3496 mus,
520 3434 596 3485 non
616 3412 872 3487 dedecoremus
894 3416 1084 3507 imaginem
1099 3405 1191 3500 Dei;
1209 3409 1264 3483 l'ed
1279 3419 1449 3502 tanquam

401 3511 529 3586 milites
562 3510 688 3587 Clrrilti
712 3514 810 3588 illum
837 3513 1042 3606 sequamur,
1069 3510 1115 3586 illi
1139 3508 1334 3584 serviamus·
1362 3505 1448 3582 Noli

400 3608 512 3688 nodie
544 3611 685 3708 psallere
710 3635 794 3688 cum
822 3612 987 3706 Angelis,
1009 3613 1046 3686 dt
1068 3608 1219 3686 crastino
1242 3606 1299 3683 did
1329 3608 1365 3682 in
1391 3607 1448 3682 tri·

403 3711 519 3804 podiis
542 3708 611 3786 elle
638 3736 722 3789 cum
757 3712 991 3788 daemonibus»
1027 3710 1113 3788 Noli
1138 3702 1246 3783 hodie
1270 3706 1377 3783 sacras
1400 3704 1455 3780 le·¹

402 3810 539 3885 iiionee
564 3811 684 3888 audire
707 3831 875 3907 tanquam
898 3809 1040 3888 Christo
1062 3810 1205 3886 dileilus
1219 3802 1379 3892 auditur,
1405 3805 1444 3881 dt

402 3930 479 3985 cras
498 3912 650 4009 cytharis
671 3915 828 3987 intentos
847 3908 934 3998 elle,
955 3924 994 3988 ut
1007 3915 1273 4009 praevaricator,
1290 3909 1327 3982 dc
1341 3907 1443 3987 Chri·

400 4009 444 4085 sti
465 4013 639 4089 inimicus.
680 4011 766 4087 Noli
791 4013 898 4086 hodie
929 4016 1105 4108 poenitere
1132 4010 1177 4085 de
1200 4012 1351 4104 peccatis
1373 4050 1383 4085 2
1406 4008 1444 4081 de

401 4132 478 4186 cras
498 4115 534 4185 in
558 4111 795 4205 perditionem
822 4126 918 4188 tuam
944 4111 1062 4188 lallare
1082 4114 1118 4186 ln
1135 4111 1275 4187 choreis
1298 4160 1320 4200 „
1335 4148 1368 4199 „0

452 4216 487 4278 S·
501 4208 688 4297 Anrdroiiur
702 4258 711 4290 ,
727 4213 786 4292 lib.
802 4222 834 4299 3.
858 4216 910 4282 De
923 4207 1135 4305 Virginibus,
1155 4234 1230 4300 cap.
1252 4220 1284 4302 ς.
1309 4260 1332 4297 ,‚
1346 4260 1367 4298 ,‚
1392 4198 1446 4282 lbi
1459 4186 1636 4331 Chlf‘ffm

401 4309 1114 4404 (nque)intestinorum,illecebra
1131 4308 1279 4402 respecta
1292 4309 1361 4388 est,
1387 4284 1558 4383 norim*

401 4431 527 4498 cumea
553 4413 756 4489 deliciarum
774 4413 822 4490 est
837 4426 993 4488 extrema
1011 4411 1154 4485 saltatio
1183 4407 1304 4485 Nemo
1319 4454 1327 4475 .
1340 4423 1380 4485 ut
1393 4410 1448 4480 di.

399 4513 457 4587 xit
478 4513 623 4604 quidam
636 4511 841 4592 secularium
865 4509 1030 4601 Doilor,
1048 4505 1308 4597 [altatlobrluc.
1324 4505 1450 4583 nitim-

450 4606 548 4701 zm·
571 4614 645 4683 IX·
923 4607 959 4688 T
1098 4676 1100 4681 .
1301 4605 1400 4686 [finili
